
@book{ LuigiAmbrosio82,
    title = "Introduction to Measure Theory and Integration",
    title_sort = "Introduction to Measure Theory and Integration",
    author_sort = "Ambrosio, Luigi \& Prato, Giuseppe Da \& Mennucci, Andrea",
    author = "Luigi Ambrosio and Giuseppe Da Prato and Andrea Mennucci",
    cover = "/home/fernando/fer/Biblioteca/Biblioteca de calibre/Luigi Ambrosio/Introduction to Measure Theory and Integration (82)/cover.jpg",
    isbn = "978-88-7642-386-4",
    year = "2012",
    month = "feb",
    publisher = "Springer Science \& Business Media",
    size = "1007587 octets" }

@book{ MarekCapinski98,
    title = "Measure, Integral and Probability",
    title_sort = "Measure, Integral and Probability",
    author_sort = "Capinski, Marek \& Kopp, Peter E.",
    author = "Marek Capinski and Peter E. Kopp",
    cover = "/home/fernando/fer/Biblioteca/Biblioteca de calibre/Marek Capinski/Measure, Integral and Probability (98)/cover.jpg",
    isbn = "978-18-5233-781-0",
    year = "2004",
    month = "may",
    publisher = "Springer Science \& Business Media" }

@book{ SergeiOvchinnikov99,
    title = "Measure, Integral, Derivative: A Course on Lebesgue's Theory",
    title_sort = "Measure, Integral, Derivative: A Course on Lebesgue's Theory",
    author_sort = "Ovchinnikov, Sergei",
    author = "Sergei Ovchinnikov",
    cover = "/home/fernando/fer/Biblioteca/Biblioteca de calibre/Sergei Ovchinnikov/Measure, Integral, Derivative\_ A Course on Lebesgue's Theory (99)/cover.jpg",
    isbn = "978-14-6147-196-7",
    year = "2014",
    month = "jul",
    publisher = "Springer Science \& Business Media" }

@book{ EliasM.Stein105,
    title = "Real Analysis: Measure Theory, Integration, and Hilbert Spaces",
    title_sort = "Real Analysis: Measure Theory, Integration, and Hilbert Spaces",
    author_sort = "Stein, Elias M. \& Shakarchi, Rami",
    author = "Elias M. Stein and Rami Shakarchi",
    cover = "/home/fernando/fer/Biblioteca/Biblioteca de calibre/Elias M. Stein/Real Analysis\_ Measure Theory, Integration, and Hilbert Spaces (105)/cover.jpg",
    isbn = "978-14-0083-556-0",
    year = "2009",
    month = "nov",
    publisher = "Princeton University Press",
    size = "1968508 octets" }

@book{ DavidM.Bressoud121,
    title = "A Radical Approach to Lebesgue's Theory of Integration",
    title_sort = "A Radical Approach to Lebesgue's Theory of Integration",
    author_sort = "Bressoud, David M.",
    author = "David M. Bressoud",
    cover = "/home/fernando/fer/Biblioteca/Biblioteca de calibre/David M. Bressoud/A Radical Approach to Lebesgue's Theory of Integration (121)/cover.jpg",
    isbn = "978-05-2188-474-7",
    year = "2008",
    month = "ene",
    publisher = "Cambridge University Press",
    size = "2937029 octets" }

@book{ TerenceTao123,
    title = "An Introduction to Measure Theory",
    title_sort = "An Introduction to Measure Theory",
    author_sort = "Tao, Terence",
    author = "Terence Tao",
    cover = "/home/fernando/fer/Biblioteca/Biblioteca de calibre/Terence Tao/An Introduction to Measure Theory (123)/cover.jpg",
    isbn = "978-14-7040-922-7",
    year = "2013",
    month = "ago",
    publisher = "American Mathematical Society",
    size = "1218984 octets" }

@book{ StephenAbbott134,
    title = "Understanding Analysis",
    title_sort = "Understanding Analysis",
    author_sort = "Abbott, Stephen",
    author = "Stephen Abbott",
    cover = "/home/fernando/fer/Biblioteca/Biblioteca de calibre/Stephen Abbott/Understanding Analysis (134)/cover.jpg",
    year = "2015",
    month = "may",
    publisher = "Springer",
    size = "1878319 octets" }

@book{ EmmanueleDibenedetto159,
    title = "Real Analysis",
    title_sort = "Real Analysis",
    author_sort = "Dibenedetto, Emmanuele",
    author = "Emmanuele Dibenedetto",
    cover = "/home/fernando/fer/Biblioteca/Biblioteca de calibre/Emmanuele Dibenedetto/Real Analysis (159)/cover.jpg",
    isbn = "978-14-9394-005-9",
    year = "2016",
    month = "oct",
    publisher = "Birkhäuser",
    size = "6709046 octets" }

@book{ EdwardCharlesTitchmarsh579,
    title = "The Theory of Functions",
    title_sort = "The Theory of Functions",
    author_sort = "Titchmarsh, Edward Charles",
    author = "Edward Charles Titchmarsh",
    cover = "/home/fernando/fer/Biblioteca/Biblioteca de calibre/Edward Charles Titchmarsh/The Theory of Functions (579)/cover.jpg",
    isbn = "978-01-9853-349-8",
    year = "1939",
    month = "ago",
    publisher = "Oxford University Press",
    size = "6267567 octets" }

@book{ BernardR.Gelbaum595,
    title = "Problems in Real and Complex Analysis",
    title_sort = "Problems in Real and Complex Analysis",
    author_sort = "Gelbaum, Bernard R.",
    author = "Bernard R. Gelbaum",
    cover = "/home/fernando/fer/Biblioteca/Biblioteca de calibre/Bernard R. Gelbaum/Problems in Real and Complex Analysis (595)/cover.jpg",
    isbn = "978-03-8797-766-9",
    year = "1992",
    month = "jun",
    publisher = "Springer Science \& Business Media",
    size = "2514343 octets" }

@book{ A.N.Kolmogorov682,
    title = "Introductory Real Analysis",
    title_sort = "Introductory Real Analysis",
    author_sort = "Kolmogorov, A. N. \& Fomin, S. V.",
    author = "A. N. Kolmogorov and S. V. Fomin",
    cover = "/home/fernando/fer/Biblioteca/Biblioteca de calibre/A. N. Kolmogorov/Introductory Real Analysis (682)/cover.jpg",
    isbn = "978-04-8661-226-3",
    year = "1975",
    month = "jun",
    publisher = "Courier Corporation",
    size = "5215853 octets" }

@book{ LawrenceCraigEvans764,
    title = "Measure Theory and Fine Properties of Functions",
    title_sort = "Measure Theory and Fine Properties of Functions",
    author_sort = "Evans, Lawrence Craig \& Gariepy, Ronald F.",
    author = "Evans, L. C. and Gariepy, R. F.",
    cover = "/home/fernando/fer/Biblioteca/Biblioteca de calibre/Lawrence Craig Evans/Measure Theory and Fine Properties of Functions (764)/cover.jpg",
    isbn = "978-08-4937-157-8",
    year = "1991",
    month = "dic",
    publisher = "CRC Press",
    size = "1975480 octets" }

@book{ RobertA.Adams765,
    title = "Sobolev Spaces",
    title_sort = "Sobolev Spaces",
    author_sort = "Adams, Robert A. \& Fournier, John J. F.",
    author = "Robert A. Adams and John J. F. Fournier",
    cover = "/home/fernando/fer/Biblioteca/Biblioteca de calibre/Robert A. Adams/Sobolev Spaces (765)/cover.jpg",
    isbn = "978-01-2044-143-3",
    year = "2003",
    month = "jul",
    publisher = "Elsevier Science",
    size = "1534980 octets" }

@book{ LarsDiening767,
    title = "Lebesgue and Sobolev Spaces With Variable Exponents",
    title_sort = "Lebesgue and Sobolev Spaces With Variable Exponents",
    author_sort = "Diening, Lars \& Harjulehto, Petteri \& Hästö, Peter \& Ruzicka, Michael",
    author = "Lars Diening and Petteri Harjulehto and Peter Hästö and Michael Ruzicka",
    cover = "/home/fernando/fer/Biblioteca/Biblioteca de calibre/Lars Diening/Lebesgue and Sobolev Spaces With Variable Exponents (767)/cover.jpg",
    isbn = "978-36-4218-362-1",
    year = "2011",
    month = "mar",
    publisher = "Springer Science \& Business Media",
    size = "4145762 octets" }

@book{ VladimirMazYa768,
    title = "Sobolev Spaces in Mathematics I: Sobolev Type Inequalities",
    title_sort = "Sobolev Spaces in Mathematics I: Sobolev Type Inequalities",
    author_sort = "Maz'Ya, Vladimir",
    author = "Vladimir Maz'Ya",
    cover = "/home/fernando/fer/Biblioteca/Biblioteca de calibre/Vladimir Maz'Ya/Sobolev Spaces in Mathematics I\_ Sobolev Type Inequalities (768)/cover.jpg",
    isbn = "978-03-8785-648-3",
    year = "2008",
    month = "dic",
    publisher = "Springer Science \& Business Media",
    size = "4174710 octets" }

@book{ VladimirMazYa769,
    title = "Sobolev Spaces in Mathematics II: Applications in Analysis and Partial Differential Equations",
    title_sort = "Sobolev Spaces in Mathematics II: Applications in Analysis and Partial Differential Equations",
    author_sort = "Maz'Ya, Vladimir",
    author = "Vladimir Maz'Ya",
    cover = "/home/fernando/fer/Biblioteca/Biblioteca de calibre/Vladimir Maz'Ya/Sobolev Spaces in Mathematics II\_ Applications in Analysis and Partial Differential Equations (769)/cover.jpg",
    isbn = "978-03-8785-650-6",
    year = "2008",
    month = "nov",
    publisher = "Springer Science \& Business Media",
    size = "5537718 octets" }

@book{ WilliamP.Ziemer771,
    title = "Weakly Differentiable Functions: Sobolev Spaces and Functions of Bounded Variation",
    title_sort = "Weakly Differentiable Functions: Sobolev Spaces and Functions of Bounded Variation",
    author_sort = "Ziemer, W. P.",
    author = "Ziemer, W. P.",
    cover = "/home/fernando/fer/Biblioteca/Biblioteca de calibre/William P. Ziemer/Weakly Differentiable Functions\_ Sobolev Spaces and Functions of Bounded Variation (771)/cover.jpg",
    isbn = "978-03-8797-017-2",
    year = "1989",
    month = "oct",
    publisher = "Springer New York",
    size = "2189520 octets" }

@book{ JuhaHeinonen817,
    title = "Lectures on Analysis on Metric Spaces",
    title_sort = "Lectures on Analysis on Metric Spaces",
    author_sort = "Heinonen, Juha \& Heinonen, Assistant Professor Of Mathematics Juha",
    author = "Juha Heinonen and Assistant Professor Of Mathematics Juha Heinonen",
    cover = "/home/fernando/fer/Biblioteca/Biblioteca de calibre/Juha Heinonen/Lectures on Analysis on Metric Spaces (817)/cover.jpg",
    isbn = "978-03-8795-104-1",
    year = "2001",
    month = "ene",
    publisher = "Springer Science \& Business Media",
    size = "1010165 octets" }

@book{ JohnvonNeumann818,
    title = "Functional Operators (AM-22), Volume 2: The Geometry of Orthogonal Spaces. (AM-22)",
    title_sort = "Functional Operators (AM-22), Volume 2: The Geometry of Orthogonal Spaces. (AM-22)",
    author_sort = "Neumann, John von",
    author = "John von Neumann",
    cover = "/home/fernando/fer/Biblioteca/Biblioteca de calibre/John von Neumann/Functional Operators (AM-22), Volume 2\_ The Geometry of Orthogonal Spaces. (AM-22) (818)/cover.jpg",
    isbn = "978-14-0088-225-0",
    year = "2016",
    month = "mar",
    publisher = "Princeton University Press",
    size = "8626260 octets" }

@book{ A.B.Kharazishvili819,
    title = "Strange Functions in Real Analysis, Second Edition",
    title_sort = "Strange Functions in Real Analysis, Second Edition",
    author_sort = "Kharazishvili, A. B.",
    author = "A. B. Kharazishvili",
    cover = "/home/fernando/fer/Biblioteca/Biblioteca de calibre/A. B. Kharazishvili/Strange Functions in Real Analysis, Second Edition (819)/cover.jpg",
    isbn = "978-08-2470-320-2",
    year = "2000",
    month = "ene",
    publisher = "CRC Press",
    size = "2678719 octets" }

@book{ M.Carter820,
    title = "The Lebesgue-Stieltjes Integral: A Practical Introduction",
    title_sort = "The Lebesgue-Stieltjes Integral: A Practical Introduction",
    author_sort = "Carter, M. \& Brunt, B. van",
    author = "M. Carter and B. van Brunt",
    cover = "/home/fernando/fer/Biblioteca/Biblioteca de calibre/M. Carter/The Lebesgue-Stieltjes Integral\_ A Practical Introduction (820)/cover.jpg",
    isbn = "978-03-8795-012-9",
    year = "2000",
    month = "may",
    publisher = "Springer Science \& Business Media",
    size = "19045220 octets" }

@book{ S.M.Srivastava821,
    title = "A Course on Borel Sets",
    title_sort = "A Course on Borel Sets",
    author_sort = "Srivastava, S. M.",
    author = "S. M. Srivastava",
    cover = "/home/fernando/fer/Biblioteca/Biblioteca de calibre/S. M. Srivastava/A Course on Borel Sets (821)/cover.jpg",
    isbn = "978-03-8798-412-4",
    year = "1998",
    month = "abr",
    publisher = "Springer Science \& Business Media",
    size = "1942984 octets" }

@book{ EdwardC.Titchmarsh822,
    title = "The Theory of Functions",
    title_sort = "The Theory of Functions",
    author_sort = "Titchmarsh, Edward C.",
    author = "Edward C. Titchmarsh",
    cover = "/home/fernando/fer/Biblioteca/Biblioteca de calibre/Edward C. Titchmarsh/The Theory of Functions (822)/cover.jpg",
    isbn = "978-01-9853-319-1",
    year = "1968",
    month = "ene",
    publisher = "Oxford University Press",
    size = "6267567 octets" }

@book{ GeraldB.Folland823,
    title = "Real Analysis: Modern Techniques and Their Applications",
    title_sort = "Real Analysis: Modern Techniques and Their Applications",
    author_sort = "Folland, Gerald B.",
    author = "  Folland, G. B.",
    cover = "/home/fernando/fer/Biblioteca/Biblioteca de calibre/Gerald B. Folland/Real Analysis\_ Modern Techniques and Their Applications (823)/cover.jpg",
    isbn = "978-04-7131-716-6",
    year = "1999",
    month = "abr",
    publisher = "John Wiley \& Sons",
    size = "5017657 octets" }

@book{ BorisMakarov824,
    title = "Real Analysis: Measures, Integrals and Applications",
    title_sort = "Real Analysis: Measures, Integrals and Applications",
    author_sort = "Makarov, Boris \& Podkorytov, Anatolii",
    author = "Boris Makarov and Anatolii Podkorytov",
    cover = "/home/fernando/fer/Biblioteca/Biblioteca de calibre/Boris Makarov/Real Analysis\_ Measures, Integrals and Applications (824)/cover.jpg",
    isbn = "978-14-4715-122-7",
    year = "2013",
    month = "jun",
    publisher = "Springer Science \& Business Media",
    size = "4023331 octets" }

@book{ InderK.Rana825,
    title = "An Introduction to Measure and Integration",
    title_sort = "An Introduction to Measure and Integration",
    author_sort = "Rana, Inder K.",
    author = "Inder K. Rana",
    cover = "/home/fernando/fer/Biblioteca/Biblioteca de calibre/Inder K. Rana/An Introduction to Measure and Integration (825)/cover.jpg",
    isbn = "978-08-2182-974-5",
    year = "2002",
    month = "ene",
    publisher = "American Mathematical Soc.",
    size = "5846672 octets" }

@book{ RobertGardnerBartle826,
    title = "A Modern Theory of Integration",
    title_sort = "A Modern Theory of Integration",
    author_sort = "Bartle, Robert Gardner",
    author = "Robert Gardner Bartle",
    cover = "/home/fernando/fer/Biblioteca/Biblioteca de calibre/Robert Gardner Bartle/A Modern Theory of Integration (826)/cover.jpg",
    isbn = "978-08-2180-845-0",
    year = "2001",
    month = "ene",
    publisher = "American Mathematical Soc.",
    size = "5264333 octets" }

@book{ MarianoGiaquinta828,
    title = "Mathematical Analysis: Foundations and Advanced Techniques for Functions of Several Variables",
    title_sort = "Mathematical Analysis: Foundations and Advanced Techniques for Functions of Several Variables",
    author_sort = "Giaquinta, Mariano \& Modica, Giuseppe",
    author = "Mariano Giaquinta and Giuseppe Modica",
    cover = "/home/fernando/fer/Biblioteca/Biblioteca de calibre/Mariano Giaquinta/Mathematical Analysis\_ Foundations and Advanced Techniques for Functions of Several Variables (828)/cover.jpg",
    isbn = "978-08-1768-310-8",
    year = "2011",
    month = "nov",
    publisher = "Springer Science \& Business Media",
    size = "4534315 octets" }

@book{ FrankJones830,
    title = "Lebesgue Integration on Euclidean Space",
    title_sort = "Lebesgue Integration on Euclidean Space",
    author_sort = "Jones, Frank",
    author = "Frank Jones",
    cover = "/home/fernando/fer/Biblioteca/Biblioteca de calibre/Frank Jones/Lebesgue Integration on Euclidean Space (830)/cover.jpg",
    isbn = "978-07-6371-708-7",
    year = "2001",
    month = "ene",
    publisher = "Jones \& Bartlett Learning",
    size = "4343108 octets" }

@book{ N.FavayF.Zo831,
    title = "Media e Integral de Lebesgue",
    title_sort = "Fava y Zo",
    author_sort = "Desconocido",
    author = "N. Fava y F. Zó",
    cover = "/home/fernando/fer/Biblioteca/Biblioteca de calibre/N. Fava y F. Zo/Media e Integral de Lebesgue (831)/cover.jpg",
    year = "2021",
    month = "ene",
    publisher = "FCEyN-UBA",
    size = "1303311 octets" }

@book{ I.P.Natanson833,
    title = "Theory of Functions of a Real Variable, Vol. I",
    title_sort = "Theory of Functions of a Real Variable",
    author_sort = "Natanson, I. P.",
    author = "I. P. Natanson",
    cover = "/home/fernando/fer/Biblioteca/Biblioteca de calibre/I. P. Natanson/Theory of Functions of a Real Variable, Vol. I (833)/cover.jpg",
    isbn = "978-04-8680-643-3",
    year = "2016",
    month = "ago",
    publisher = "Courier Dover Publications",
    size = "4728287 octets" }

@book{ I.P.Natanson834,
    title = "Theory of Functions of a Real Variable, Vol II",
    title_sort = "Theory of Functions of a Real Variable",
    author_sort = "Natanson, I. P.",
    author = "I. P. Natanson",
    cover = "/home/fernando/fer/Biblioteca/Biblioteca de calibre/I. P. Natanson/Theory of Functions of a Real Variable, Vol II (834)/cover.jpg",
    isbn = "978-04-8680-643-3",
    year = "2016",
    month = "ago",
    publisher = "Courier Dover Publications",
    size = "4551349 octets" }

@book{ HerbertFederer835,
    title = "Geometric Measure Theory",
    title_sort = "Geometric Measure Theory",
    author_sort = "Federer, Herbert",
    author = "Herbert Federer",
    cover = "/home/fernando/fer/Biblioteca/Biblioteca de calibre/Herbert Federer/Geometric Measure Theory (835)/cover.jpg",
    isbn = "978-36-4262-010-2",
    year = "2014",
    month = "nov",
    publisher = "Springer",
    size = "3642752 octets" }

@book{ VladimirI.Bogachev837,
    title = "Measure Theory, Vol. I",
    title_sort = "Measure Theory",
    author_sort = "Bogachev, Vladimir I.",
    author = "Vladimir I. Bogachev",
    cover = "/home/fernando/fer/Biblioteca/Biblioteca de calibre/Vladimir I. Bogachev/Measure Theory, Vol. I (837)/cover.jpg",
    isbn = "978-35-4034-513-8",
    year = "2006",
    month = "nov",
    publisher = "Springer Berlin Heidelberg",
    size = "3581921 octets" }

@book{ VladimirI.Bogachev838,
    title = "Measure Theory, Vol II",
    title_sort = "Measure Theory",
    author_sort = "Bogachev, Vladimir I.",
    author = "Vladimir I. Bogachev",
    cover = "/home/fernando/fer/Biblioteca/Biblioteca de calibre/Vladimir I. Bogachev/Measure Theory, Vol II (838)/cover.jpg",
    isbn = "978-35-4034-513-8",
    year = "2006",
    month = "nov",
    publisher = "Springer Berlin Heidelberg",
    size = "4030219 octets" }

@book{ MishaCotlar839,
    title = "Introducción a la teoría de la integral y espacios funcionales",
    title_sort = "-Introducción a la teoría de la integral y espacios funcionales",
    author_sort = "Desconocido",
    author = "Misha Cotlar",
    cover = "/home/fernando/fer/Biblioteca/Biblioteca de calibre/Misha Cotlar/Introduccion a la teoria de la integral y espacios funcionales (839)/cover.jpg",
    year = "100",
    month = "dic",
    publisher = "FCEyN-UBA",
    size = "6066992 octets" }

@book{ GailS.Nelson840,
    title = "A User-Friendly Introduction to Lebesgue Measure and Integration",
    title_sort = "A User-Friendly Introduction to Lebesgue Measure and Integration",
    author_sort = "Nelson, Gail S.",
    author = "Gail S. Nelson",
    cover = "/home/fernando/fer/Biblioteca/Biblioteca de calibre/Gail S. Nelson/A User-Friendly Introduction to Lebesgue Measure and Integration (840)/cover.jpg",
    isbn = "978-14-7042-199-1",
    year = "2015",
    month = "nov",
    publisher = "American Mathematical Soc.",
    size = "1435377 octets" }

@book{ RinaldoB.Schinazi841,
    title = "From Classical to Modern Analysis",
    title_sort = "From Classical to Modern Analysis",
    author_sort = "Schinazi, Rinaldo B.",
    author = "Rinaldo B. Schinazi",
    cover = "/home/fernando/fer/Biblioteca/Biblioteca de calibre/Rinaldo B. Schinazi/From Classical to Modern Analysis (841)/cover.jpg",
    isbn = "978-33-1994-583-5",
    year = "2018",
    month = "sep",
    publisher = "Springer",
    size = "2106561 octets" }

@book{ MatthewA.Pons842,
    title = "Real Analysis for the Undergraduate: With an Invitation to Functional Analysis",
    title_sort = "Real Analysis for the Undergraduate: With an Invitation to Functional Analysis",
    author_sort = "Pons, Matthew A.",
    author = "Matthew A. Pons",
    cover = "/home/fernando/fer/Biblioteca/Biblioteca de calibre/Matthew A. Pons/Real Analysis for the Undergraduate\_ With an Invitation to Functional Analysis (842)/cover.jpg",
    isbn = "978-14-6149-638-0",
    year = "2014",
    month = "ene",
    publisher = "Springer Science \& Business Media",
    size = "4598232 octets" }

@book{ SergeiOvchinnikov843,
    title = "Measure, Integral, Derivative: A Course on Lebesgue's Theory",
    title_sort = "Measure, Integral, Derivative: A Course on Lebesgue's Theory",
    author_sort = "Ovchinnikov, Sergei",
    author = "Sergei Ovchinnikov",
    cover = "/home/fernando/fer/Biblioteca/Biblioteca de calibre/Sergei Ovchinnikov/Measure, Integral, Derivative\_ A Course on Lebesgue's Theory (843)/cover.jpg",
    isbn = "978-14-6147-196-7",
    year = "2014",
    month = "jul",
    publisher = "Springer Science \& Business Media",
    size = "1286152 octets" }

@book{ PaulR.Halmos845,
    title = "Measure Theory",
    title_sort = "Measure Theory",
    author_sort = "Halmos, Paul R.",
    author = "Paul R. Halmos",
    cover = "/home/fernando/fer/Biblioteca/Biblioteca de calibre/Paul R. Halmos/Measure Theory (845)/cover.jpg",
    isbn = "978-03-8790-088-9",
    year = "1976",
    month = "ene",
    publisher = "Springer New York",
    size = "9097235 octets" }

@book{ JohnM.Franks847,
    title = "A (Terse) Introduction to Lebesgue Integration",
    title_sort = "A (Terse) Introduction to Lebesgue Integration",
    author_sort = "Franks, John M.",
    author = "John M. Franks",
    cover = "/home/fernando/fer/Biblioteca/Biblioteca de calibre/John M. Franks/A (Terse) Introduction to Lebesgue Integration (847)/cover.jpg",
    isbn = "978-08-2184-862-3",
    year = "2009",
    month = "ene",
    publisher = "American Mathematical Soc.",
    size = "2007210 octets" }

@book{ HoushangH.Sohrab848,
    title = "Basic Real Analysis",
    title_sort = "Basic Real Analysis",
    author_sort = "Sohrab, Houshang H.",
    author = "Houshang H. Sohrab",
    cover = "/home/fernando/fer/Biblioteca/Biblioteca de calibre/Houshang H. Sohrab/Basic Real Analysis (848)/cover.jpg",
    isbn = "978-14-9391-841-6",
    year = "2014",
    month = "nov",
    publisher = "Springer",
    size = "7084357 octets" }

@book{ SooB.Chae849,
    title = "Lebesgue Integration",
    title_sort = "Lebesgue Integration",
    author_sort = "Chae, Soo B.",
    author = "Soo B. Chae",
    cover = "/home/fernando/fer/Biblioteca/Biblioteca de calibre/Soo B. Chae/Lebesgue Integration (849)/cover.jpg",
    isbn = "978-14-6120-781-8",
    year = "2012",
    month = "dic",
    publisher = "Springer Science \& Business Media",
    size = "13933203 octets" }

@book{ H.L.Royden850,
    title = "Real Analysis 3Rd Ed.",
    title_sort = "Real Analysis 3Rd Ed.",
    author_sort = "Royden, H. L.",
    author = "H. L. Royden",
    cover = "/home/fernando/fer/Biblioteca/Biblioteca de calibre/H. L. Royden/Real Analysis 3Rd Ed\_ (850)/cover.jpg",
    isbn = "978-81-2030-973-9",
    year = "1988",
    month = "ene",
    publisher = "Prentice-Hall Of India Pvt. Limited",
    size = "3552690 octets" }

@book{ JeanDieudonne853,
    title = "Treatise on Analysis: Chapters 12-15, Vol. II",
    title_sort = "Treatise on Analysis: Chapters 12-15, Enlarged and Corrected Printing",
    author_sort = "Dieudonné, Jean",
    author = "Jean Dieudonné",
    cover = "/home/fernando/fer/Biblioteca/Biblioteca de calibre/Jean Dieudonne/Treatise on Analysis\_ Chapters 12-15, Vol. II (853)/cover.jpg",
    isbn = "978-01-2215-502-4",
    year = "1969",
    month = "ene",
    publisher = "Academic Press",
    size = "7974828 octets" }

@book{ EdwinHewitt1037,
    title = "Real and Abstract Analysis: A Modern Treatment of the Theory of Functions of a Real Variable",
    title_sort = "Real and Abstract Analysis: A Modern Treatment of the Theory of Functions of a Real Variable",
    author_sort = "Hewitt, Edwin \& Stromberg, Karl",
    author = "Hewitt, E. and Stromberg, K.",
    cover = "/home/fernando/fer/Biblioteca/Biblioteca de calibre/Edwin Hewitt/Real and Abstract Analysis\_ A Modern Treatment of the Theory of Functions of a Real Variable (1037)/cover.jpg",
    isbn = "978-03-8790-138-1",
    year = "1975",
    month = "jul",
    publisher = "Springer New York",
    size = "33041591 octets" }

@book{ StanislawSaks1038,
    title = "Theory of the Integral",
    title_sort = "Theory of the Integral",
    author_sort = "Saks, S.",
    author = "Saks, S.",
    cover = "/home/fernando/fer/Biblioteca/Biblioteca de calibre/Stanislaw Saks/Theory of the Integral (1038)/cover.jpg",
    isbn = "978-04-8644-648-6",
    year = "2005",
    month = "ago",
    publisher = "Dover Publications",
    size = "6172490 octets" }

@book{ FrankBurk258,
    title = "A Garden of Integrals",
    title_sort = "A Garden of Integrals",
    author_sort = "Burk, F.",
    author = " Burk, F.",
    cover = "/home/fernando/fer/Biblioteca/Biblioteca de calibre/Frank Burk/A Garden of Integrals (258)/cover.jpg",
    isbn = "978-08-8385-337-5",
    year = "2007",
    month = "ago",
    publisher = "MAA" }

    
@book{ ReinhardDiestel510,
    title = "Vector Measures",
    title_sort = "Vector Measures",
    author_sort = "Diestel, Joseph \& Uhl, John Jerry",
    author = "Diestel, J. and Uhl, J. J.",
    isbn = "978-08-2181-515-1",
    year = "1977",
    month = "jun",
    publisher = "American Mathematical Soc." }
    
@article{bartle1956general,
  title={A general bilinear vector integral},
  author={Bartle, R.},
  journal={Studia Mathematica},
  volume={15},
  pages={337--352},
  year={1956},
  publisher={Instytut Matematyczny Polskiej Akademii Nauk}
}
     

@article{Tian-2010,
	author = {{G}e, W. {T}ian, Y.},
	issn = {0362-546X},
	issue = {1},
	journal = {Nonlinear Analysis: Theory, Methods \& Applications},
	localfile = {Variational methods to {S}turm--{L}iouville boundary value problem for impulsive differential equations.pdf},
	pages = {277--287},
	publisher = {Elsevier Science},
	title = {Variational methods to {Sturm}--{Liouville} boundary value problem for impulsive differential equations},
	volume = {72},
	year = {2010}
}

@article{nieto-2009,
	author = {O{\rq}Regan, Juan J. Nieto; Donal},
	doi = {10.1016/j.nonrwa.2007.10.022},
	issn = {1468-1218},
	issue = {2},
	journal = {Nonlinear Analysis: Real World Applications},
	localfile = {Variational approach to impulsive differential equations.pdf},
	pages = {680--690},
	publisher = {Elsevier Science},
	title = {Variational approach to impulsive differential equations},
	url = {http://doi.org/10.1016/j.nonrwa.2007.10.022},
	volume = {10},
	x-color = {#FF8C00},
	year = {2009}
}

@article{Zhang-2010,
	author = {Li, Hao Zhang; Zhixiang},
	doi = {10.1016/j.nonrwa.2008.10.016},
	issn = {1468-1218},
	issue = {1},
	journal = {Nonlinear Analysis: Real World Applications},
	localfile = {Variational approach to impulsive differential equations with periodic boundary conditions.pdf},
	pages = {67--78},
	publisher = {Elsevier Science},
	title = {Variational approach to impulsive differential equations with periodic boundary conditions},
	url = {http://doi.org/10.1016/j.nonrwa.2008.10.016},
	volume = {11},
	year = {2010}
}

@article{Xiao-2011,
	author = {Nieto, Jing Xiao; Juan J.},
	doi = {10.1016/j.jfranklin.2010.12.003},
	issn = {0016-0032},
	issue = {2},
	journal = {Journal of the Franklin Institute},
	localfile = {Variational approach to some damped Dirichlet nonlinear impulsive differential equations.pdf},
	pages = {369--377},
	publisher = {Elsevier Science},
	title = {Variational approach to some damped Dirichlet nonlinear impulsive differential equations},
	url = {http://doi.org/10.1016/j.jfranklin.2010.12.003},
	volume = {348},
	year = {2011}
}

@article{Kou-2003,
	author = {Duan, Chunhai Kou; Shunian Zhang; Yongrui},
	doi = {10.1016/s0898-1221(03)90235-5},
	issn = {0898-1221},
	issue = {12},
	journal = {Computers \& Mathematics with Applications},
	localfile = {Variational Lyapunov  Method  and Stability Analysis  for Impulsive Delay Differential  Equations.pdf},
	pages = {1761--1777},
	publisher = {Elsevier Science},
	title = {Variational Lyapunov method and stability analysis for impulsive delay differential equations},
	url = {http://doi.org/10.1016/s0898-1221%2803%2990235-5},
	volume = {46},
	year = {2003}
}

@article{Xiao-2012,
	author = {Luo, Jing Xiao; Juan J. Nieto; Zhiguo},
	doi = {10.1016/j.cnsns.2011.05.015},
	issn = {1007-5704},
	issue = {1},
	journal = {Communications in Nonlinear Science and Numerical Simulation},
	localfile = {Multiplicity of solutions for nonlinear second order impulsive differential equations with linear derivative dependence via variational methods.pdf},
	pages = {426--432},
	publisher = {Elsevier Science},
	title = {Multiplicity of solutions for nonlinear second order impulsive differential equations with linear derivative dependence via variational methods},
	url = {http://doi.org/10.1016/j.cnsns.2011.05.015},
	volume = {17},
	year = {2012}
}

@article{Li-2011,
	author = {Li, Haichun},
	doi = {10.1016/j.proeng.2011.08.1048},
	issn = {1877-7058},
	issue = {none},
	journal = {Procedia Engineering},
	localfile = {Variational method to the second-order impulsive partial differential equations with inconstant coefficients (I).pdf},
	pages = {35--41},
	title = {Variational method to the second-order impulsive partial differential equations with inconstant coefficients (I)},
	url = {http://doi.org/10.1016/j.proeng.2011.08.1048},
	volume = {16},
	year = {2011}
}

@article{Da-2013,
	author = {Zhang, Dan},
	doi = {10.1007/s00025-011-0221-y},
	issne = {1420-9012},
	issnp = {1422-6383},
	issue = {1-2},
	journal = {Results in Mathematics},
	localfile = {Multiple Solutions of Nonlinear Impulsive Differential Equations with Dirichlet Boundary Conditions via Variational Method.pdf},
	month = {02},
	page = {611--628},
	publisher = {Springer},
	title = {Multiple Solutions of Nonlinear Impulsive Differential Equations with Dirichlet Boundary Conditions via Variational Method},
	volume = {63},
	year = {2013}
}

@article{Tang-2014,
	author = {Tang, Qing; Nieto, Juan J.},
	doi = {10.1016/j.aml.2014.03.019},
	issn = {0893-9659},
	journal = {Applied Mathematics Letters},
	localfile = {Variational approach to impulsive evolution equations.pdf},
	pages = {31--35},
	publisher = {Elsevier Science},
	title = {Variational approach to impulsive evolution equations},
	url = {http://doi.org/10.1016/j.aml.2014.03.019},
	volume = {36},
	year = {2014}
}

@article{Li-2014,
	author = {Li, Jin},
	doi = {10.1186/s13661-014-0233-0},
	issn = {1687-2762,1687-2770},
	issue = {1},
	journal = {Boundary Value Problems},
	localfile = {Lazer-Leach type condition for second order differential equations at resonance with impulsive effects via variational method.pdf},
	pages = {233},
	publisher = {Springer International Publishing AG},
	title = {Lazer-Leach type condition for second order differential equations at resonance with impulsive effects via variational method},
	url = {http://doi.org/10.1186/s13661-014-0233-0},
	volume = {2014},
	year = {2014}
}

@article{Li-2014b,
	author = {Li, Jin; Luo, Jianlin; Wang, Zaihong},
	day = {20},
	doi = {10.3846/13926292.2014.980864},
	issne = {1648-3510},
	issnp = {1392-6292},
	issue = {5},
	journal = {Mathematical Modelling and Analysis},
	localfile = {Periodic Solutions of Second Order Impulsive Differential Equations at Resonance via Variational Approach.pdf},
	month = {10},
	page = {664--675},
	publisher = {Vilnius Gediminas Technical University},
	title = {Periodic Solutions of Second Order Impulsive Differential Equations at Resonance via Variational Approach},
	volume = {19},
	year = {2014}
}

@article{Tian-2008,
	author = {Tian, Yu; Ge, Weigao},
	doi = {10.1017/S0013091506001532},
	issn = {0013-0915,1464-3839},
	issue = {2},
	journal = {Proceedings of the Edinburgh Mathematical Society},
	localfile = {APPLICATIONS OF VARIATIONAL METHODS TO BOUNDARY-VALUE PROBLEM FOR IMPULSIVE DIFFERENTIAL EQUATIONS.pdf},
	publisher = {Cambridge University Press},
	title = {APPLICATIONS OF VARIATIONAL METHODS TO BOUNDARY-VALUE PROBLEM FOR IMPULSIVE DIFFERENTIAL EQUATIONS},
	url = {http://doi.org/10.1017/S0013091506001532},
	volume = {51},
	year = {2008}
}

@article{Li-2015,
	author = {Li, Jin; Luo, Jianlin; Wang, Zaihong},
	day = {04},
	doi = {10.3846/13926292.2015.1024973},
	issne = {1648-3510},
	issnp = {1392-6292},
	issue = {2},
	journal = {Mathematical Modelling and Analysis},
	localfile = {Retraction notice to Periodic Solutions of Second Order Impulsive Differential Equations at Resonance via Variational Approach.pdf},
	month = {03},
	page = {289--289},
	publisher = {Vilnius Gediminas Technical University},
	title = {Retraction notice to ``Periodic Solutions of Second Order Impulsive Differential Equations at Resonance via Variational Approach'' [Math. Model. Anal. 19(5):664--675, 2014]},
	volume = {20},
	year = {2015}
}

@inproceedings{Haichu-2011,
  title={Variational approach to second-order impulsive elliptic equations with periodic boundary value problems},
  author={Li, Haichun and Zhang, Yulong},
  booktitle={2011 International Conference on Electric Information and Control Engineering},
  pages={929--932},
  year={2011},
  organization={IEEE}
}

@article{Chen-2011,
	author = {Chen, Huiwen; Li, Jianli},
	doi = {10.1155/2010/325415},
	issn = {1687-2762,1687-2770},
	issue = {1},
	journal = {Boundary Value Problems},
	localfile = {Variational Approach to Impulsive Differential Equations with Dirichlet Boundary Conditions.pdf},
	pages = {325415},
	publisher = {Springer International Publishing AG},
	title = {Variational Approach to Impulsive Differential Equations with Dirichlet Boundary Conditions},
	url = {http://doi.org/10.1155/2010%2F325415},
	volume = {2010},
	year = {2011}
}

@article{Guo-2014,
	author = {Guo, Dajun},
	doi = {10.1186/1687-2770-2014-37},
	issn = {1687-2762,1687-2770},
	issue = {1},
	journal = {Boundary Value Problems},
	localfile = { Variational approach to a class of impulsive Variational approach differential equations.pdf},
	pages = {37},
	publisher = {Springer International Publishing AG},
	title = {Variational approach to a class of impulsive differential equations},
	url = {http://doi.org/10.1186/1687-2770-2014-37},
	volume = {2014},
	year = {2014}
}

@article{He-2011,
	author = {He, Ji-Huan},
	doi = {10.5560/ZNA.2011-0029},
	issn = {0932-0784,1865-7109},
	issue = {10-11},
	journal = {Zeitschrift f{\"u}r Naturforschung A},
	localfile = {Variational Approach to Impulsive Differential Equations Using the Semi-Inverse Method.pdf},
	publisher = {Verlag der Zeitschrift fr Naturforschung},
	title = {Variational Approach to Impulsive Differential Equations Using the Semi-Inverse Method},
	url = {http://doi.org/10.5560/ZNA.2011-0029},
	volume = {66},
	year = {2011}
}

@article{heidarkhani2018variational,
	author = {Heidarkhani, Shapour and Cabada, Alberto and Afrouzi, GA and Moradi, Shahin and Caristi, Giuseppe},
	journal = {Journal of Computational and Applied Mathematics},
	localfile = {A variational approach to perturbed impulsive fractional differential equations.pdf},
	pages = {42--60},
	publisher = {Elsevier},
	title = {A variational approach to perturbed impulsive fractional differential equations},
	volume = {341},
	year = {2018}
}

@article{daoudi2013variational,
	author = {Daoudi-Merzagui, Naima and Boucherif, Abdelkader},
	journal = {Journal of Applied Mathematics},
	localfile = {Variational Approach to Impulsive Differential Equations with Singular Nonlinearities.pdf},
	publisher = {Hindawi},
	title = {Variational approach to impulsive differential equations with singular nonlinearities},
	volume = {2013},
	year = {2013}
}

@article{li2020infinitely,
	author = {Li, Chun and Li, Lin and Yang, He},
	journal = {Journal of Applied Analysis \& Computation},
	localfile = {INFINITELY MANY SOLUTIONS FOR NON-AUTONOMOUS SECOND-ORDER SYSTEMS WITH IMPULSIVE EFFECTS.pdf},
	number = {2},
	pages = {427--441},
	publisher = {Journal of Applied Analysis \& Computation},
	title = {INFINITELY MANY SOLUTIONS FOR NON-AUTONOMOUS SECOND-ORDER SYSTEMS WITH IMPULSIVE EFFECTS},
	volume = {10},
	year = {2020}
}

@article{Jingl-2013,
	author = {{Jingli Xie}, Zhiguo Luo},
	doi = {10.1186/1029-242X-2013-406},
	issne = {1029-242X},
	issnp = {1025-5834},
	issue = {1},
	journal = {Journal of Inequalities and Applications},
	localfile = {The existence of solutions of periodic BVP for second order impulsive differential equations.pdf},
	month = {12},
	page = {--},
	publisher = {Hindawi Publishing Corporation},
	title = {The existence of solutions of periodic BVP for second order impulsive differential equations},
	volume = {2013},
	year = {2013}
}

@article{zhang2008periodic,
	author = {Zhang, Hao and Li, ZX},
	journal = {International Journal of Qualitative Theory of Differential Equations and Applications},
	localfile = {Periodic-solutions-of-second-order-nonautonomous-impulsive-di-erential-equations.pdf},
	number = {1},
	pages = {112--124},
	title = {Periodic solutions of second-order nonautonomous impulsive differential equations},
	volume = {2},
	year = {2008}
}

@article{Pierri-2013,
	author = {Pierri, Michelle; O{\rq}Regan, Donal; Rolnik, Vanessa},
	doi = {10.1016/j.amc.2012.12.084},
	issnp = {0096-3003},
	issue = {12},
	journal = {Applied Mathematics and Computation},
	localfile = {Existence of solutions for semi-linear abstract differential equations with not instantaneous impulses.pdf},
	month = {2},
	page = {6743--6749},
	publisher = {Elsevier Science},
	title = {Existence of solutions for semi-linear abstract differential equations with not instantaneous impulses},
	volume = {219},
	year = {2013}
}

@article{yang2011periodic,
	author = {Yang, Xiaoxia and Chen, Haibo},
	journal = {J. Applied Mathematics},
	localfile = {Periodic Solutions for Autonomous q, p-Laplacian System with Impulsive Effects.pdf},
	pages = {378389--1},
	title = {Periodic Solutions for Autonomous $(q, p)$-Laplacian System with Impulsive Effects.},
	volume = {2011},
	year = {2011}
}

@article{graef2015nontrivial,
	author = {Graef, John R and Heidarkhani, Shapour and Kong, Lingju},
	journal = {Electron J. Differ. Equ},
	localfile = {Nontrivial periodic solutions to second-order impulsive Hamiltonian systems, .pdf},
	number = {204},
	pages = {1--17},
	title = {Nontrivial periodic solutions to second-order impulsive Hamiltonian systems},
	volume = {2015},
	year = {2015}
}

@article{Liu-2019,
	author = {Liu, Jian; Yu, Wenguang},
	doi = {10.1016/j.aml.2019.106162},
	issnp = {0893-9659},
	journal = {Applied Mathematics Letters},
	localfile = {Two solutions to superlinear Hamiltonian systems with impulsive effects.pdf},
	month = {11},
	page = {106162--},
	publisher = {Elsevier Science},
	title = {Two solutions to superlinear Hamiltonian systems with impulsive effects},
	year = {2019}
}

@article{Nieto-2020,
	author = {Nieto, Juan J.; Uzal, Jos{\'e} M.},
	doi = {10.1007/s11784-019-0754-3},
	issne = {1661-7746},
	issnp = {1661-7738},
	issue = {1},
	journal = {Journal of Fixed Point Theory and Applications},
	localfile = {Nonlinear second-order impulsive differential problems with dependence on the derivative via variational structure.pdf},
	month = {3},
	page = {19--},
	title = {Nonlinear second-order impulsive differential problems with dependence on the derivative via variational structure},
	volume = {22},
	year = {2020}
}

@article{HernA?ndez-2020,
	author = {Hern{\'a}ndez, Eduardo},
	doi = {10.1016/j.jmaa.2020.124288},
	issne = {1096-0813},
	issnp = {0022-247X},
	journal = {Journal of Mathematical Analysis and Applications},
	localfile = {Abstract impulsive differential equations without predefined time impulses.pdf},
	month = {6},
	page = {124288--},
	publisher = {Elsevier Science},
	title = {Abstract impulsive differential equations without predefined time impulses},
	year = {2020}
}

@article{Hernandez-2012,
	author = {Hern{\'a}ndez, Eduardo; O{\rq}Regan, Donal},
	day = {25},
	doi = {10.1090/s0002-9939-2012-11613-2},
	issne = {1088-6826},
	issnp = {0002-9939},
	issue = {5},
	journal = {Proceedings of the American Mathematical Society},
	localfile = {On a new class of abstract impulsive differential equations.pdf},
	month = {10},
	page = {1641--1649},
	publisher = {American Mathematical Society},
	title = {On a new class of abstract impulsive differential equations},
	volume = {141},
	year = {2012}
}

@article{menasria2020existence,
	author = {Menasria, Linda and Bouali, Tahar and Guefaifia, Rafik and Biomy, Mohamad},
	journal = {Applied Sciences},
	localfile = {Existence of weak solutions for p-Laplacian problemwith impulsive effects.pdf},
	pages = {128--145},
	title = {Existence of weak solutions for p-Laplacian problem with impulsive effects},
	volume = {22},
	year = {2020}
}

@article{hernandez2015abstract,
	author = {Hernandez, Eduardo and Pierri, Michelle and O'Regan, Donal and others},
	journal = {Topological Methods in Nonlinear Analysis},
	localfile = {ON ABSTRACT DIFFERENTIAL EQUATIONSWITH NON INSTANTANEOUS IMPULSES.pdf},
	number = {2},
	pages = {1067--1088},
	publisher = {Juliusz P. Schauder Centre for Nonlinear Studies},
	title = {On abstract differential equations with non instantaneous impulses},
	volume = {46},
	year = {2015}
}

@article{Bai-2017,
	author = {Bai, Liang; Nieto, Juan J.},
	doi = {10.1016/j.aml.2017.02.019},
	issnp = {0893-9659},
	journal = {Applied Mathematics Letters},
	localfile = {Variational approach to differential equations with not instantaneous impulses.pdf},
	month = {4},
	publisher = {Elsevier Science},
	title = {Variational approach to differential equations with not instantaneous impulses},
	year = {2017}
}

@article{heidarkhani2015infinitely,
	author = {Heidarkhani, Shapour and Ferrara, Massimiliano and Salari, Amjad},
	journal = {Acta Applicandae Mathematicae},
	localfile = {Infinitely Many Periodic Solutions for a Class of Perturbed Second-Order Differential Equations with Impulses.pdf},
	number = {1}, 
	pages = {81--94},
	publisher = {Springer},
	title = {Infinitely many periodic solutions for a class of perturbed second-order differential equations with impulses},
	volume = {139},
	year = {2015}
}

@article{qian2015periodic,
	author = {Qian, Dingbian and Chen, Ling and Sun, Xiying},
	journal = {Journal of Differential Equations},
	localfile = {Periodic solutions of superlinear impulsive differential equations A geometric approach.pdf},
	number = {9},
	pages = {3088--3106},
	publisher = {Elsevier},
	title = {Periodic solutions of superlinear impulsive differential equations: A geometric approach},
	volume = {258},
	year = {2015}
}

@article{D'Agui-2016,
	author = {D'Agu\`{\i}, Giuseppina; Di Bella, Beatrice; Tersian, Stepan},
	doi = {10.1002/mma.3545},
	issne = {1099-1476},
	issnp = {0170-4214},
	issue = {5},
	journal = {Mathematical Methods in the Applied Sciences},
	localfile = {Multiplicity results for superlinear boundary value problems with impulsive effects.pdf},
	month = {04},
	page = {1060--1068},
	publisher = {John Wiley and Sons},
	title = {Multiplicity results for superlinear boundary value problems with impulsive effects},
	volume = {39},
	year = {2016}
}

@article{liu2016variational,
	author = {Liu, Jian and Zhao, Zengqin},
	journal = {J. Nonlinear Sci. Appl.},
	localfile = {Variational approach to second-order damped Hamiltonian systems with impulsive effects.pdf},
	number = {06},
	pages = {3459--3472},
	title = {Variational approach to second-order damped Hamiltonian systems with impulsive effects},
	volume = {9},
	year = {2016}
}

@article{mei2019numerical,
	author = {Mei, Liangcai and Sun, Hongbo and Lin, Yingzhen},
	journal = {Advances in Difference Equations},
	localfile = {Numerical method and convergence order for second-order impulsive differential equations.pdf},
	number = {1},
	pages = {1--14},
	publisher = {SpringerOpen},
	title = {Numerical method and convergence order for second-order impulsive differential equations},
	volume = {2019},
	year = {2019}
}

@article{Berenguer-2016,
	author = {Berenguer, M.I.; Kunze, H.; La Torre, D.; Ruiz Gal{\'a}n, M.},
	doi = {10.1016/j.cam.2015.06.016},
	issnp = {0377-0427},
	journal = {Journal of Computational and Applied Mathematics},
	localfile = {Galerkin method for constrained variational equations and a collage-based approach to related inverse problems.pdf},
	month = {01},
	page = {67--75},
	publisher = {Elsevier Science},
	title = {Galerkin method for constrained variational equations and a collage-based approach to related inverse problems},
	volume = {292},
	year = {2016}
}

@article{harrell19872,
	author = {Harrell, EM and Layton, WJ},
	journal = {SIAM journal on numerical analysis},
	localfile = {../../analisis numerico/L2-Estimates for Galerkin Methods for Semilinear Elliptic Equations.pdf},
	number = {1},
	pages = {52--58},
	publisher = {SIAM},
	title = {$L^2$ Estimates for Galerkin Methods for Semilinear Elliptic Equations},
	volume = {24},
	year = {1987}
}

@article{Minhos-2017,
	author = {Minh{\'o}s, Feliz},
	issn = {0363-1672,1573-8825},
	issue = {1},
	journal = {Lithuanian Mathematical Journal},
	localfile = {impulsive problems on the half-line with infinite impulse moments.pdf},
	pages = {69--79},
	publisher = {Springer},
	title = {Impulsive problems on the half-line with infinite impulse moments*},
	url = {http://doi.org/10.1007/s10986-017-9344-5},
	volume = {57},
	year = {2017}
}

@article{Minhos-2017b,
	author = {Minh{\'o}s, Feliz Manuel; Carrasco, Hugo},
	day = {27},
	doi = {10.1142/9789813220065_0003},
	isbn = {9789813209909; 9813209909; 9789813220065; 9813220066},
	journal = {vol. 10.1142/10448},
	localfile = {impulsive problems on the half-line with infinite impulse moments-II.pdf},
	month = {aug},
	page = {25--37},
	publisher = {World Scientific},
	title = {[Trends in Abstract and Applied Analysis] Higher Order Boundary Value Problems on Unbounded Domains Volume 05 (Types of Solutions, Functional Problems and Applications) || Impulsive Problems on the Half-Line with Infinite Impulse Moments},
	volume = {10.1142/10448},
	year = {2017}
}

@article{persson1989regularization,
	author = {Persson, J.},
	journal = {Le matematiche},
	localfile = {Regularization of non-linear measure differential equations .pdf},
	number = {1},
	pages = {113--130},
	title = {Regularization of non-linear measure differential equations},
	volume = {44},
	year = {1989}
}

@article{sun2010multiplicity,
	author = {Sun, Juntao and Chen, Haibo},
	journal = {Nonlinear Analysis: Real World Applications},
	localfile = {MultiplicityofsolutionsforaclassofimpulsivedifferentialequationswithDirichletboundaryconditionsviavariantfountaintheorems.pdf},
	number = {5},
	pages = {4062--4071},
	publisher = {Elsevier},
	title = {Multiplicity of solutions for a class of impulsive differential equations with Dirichlet boundary conditions via variant fountain theorems},
	volume = {11},
	year = {2010}
}

@article{das1972existence,
	author = {Das, P. C. and Sharma, R. R.},
	journal = {Czechoslovak Mathematical Journal},
	localfile = {EXISTENCE AND STABILITY OF MEASURE DIFFERENTIAL EQUATIONS.pdf; Existence and stability of measure differential equations.pdf},
	number = {1},
	pages = {145--158},
	publisher = {Institute of Mathematics, Academy of Sciences of the Czech Republic},
	title = {Existence and stability of measure differential equations},
	volume = {22},
	x-color = {#cc3300},
	year = {1972}
}

@article{federson2012measure,
	author = {Federson, M{\'a}rcia and Mesquita, Jaqueline G and Slav\'{\i}k, Anton\'{\i}n},
	journal = {Journal of Differential Equations},
	localfile = {Measure functional differential equations and functionaldynamic equations on time scales.pdf},
	number = {6},
	pages = {3816--3847},
	publisher = {Elsevier},
	title = {Measure functional differential equations and functional dynamic equations on time scales},
	volume = {252},
	x-color = {#009966},
	year = {2012}
}

@article{ashordia1996criteria,
	author = {Ashordia, Malkhaz},
	journal = {Czechoslovak Mathematical Journal},
	localfile = {Criteria of correctness of linear boundary value problems for systems ofgeneralized ordinary differential equations.pdf},
	number = {3},
	pages = {385--404},
	publisher = {Institute of Mathematics, Academy of Sciences of the Czech Republic},
	title = {Criteria of correctness of linear boundary value problems for systems of generalized ordinary differential equations},
	volume = {46},
	x-color = {#009966},
	year = {1996}
}

@article{leela1974stability,
	author = {Leela, S},
	journal = {Pacific Journal of Mathematics},
	localfile = {STABILITY OF MEASURE DIFFERENTIAL EQUATIONSS LEELA.pdf},
	number = {2},
	pages = {489--498},
	publisher = {Mathematical Sciences Publishers},
	title = {Stability of measure differential equations},
	volume = {55},
	x-color = {#f0d000},
	year = {1974}
}

@article{sharma1972abstract,
	author = {Sharma, RR},
	journal = {Proceedings of the American Mathematical Society},
	localfile = {AN ABSTRACT MEASURE DIFFERENTIAL EQUATION.pdf},
	number = {2},
	pages = {503--510},
	title = {An abstract measure differential equation},
	volume = {32},
	x-color = {#f0d000},
	year = {1972}
}

@article{pandit_1977,
	author = {Pandit, S.G.},
	doi = {10.1017/S0004972700010698},
	journal = {Bulletin of the Australian Mathematical Society},
	localfile = {on-the-stability-of-impulsively-perturbed-differential-systems.pdf},
	number = {3},
	pages = {423--432},
	publisher = {Cambridge University Press},
	title = {On the stability of impulsively perturbed differential systems},
	volume = {17},
	x-color = {#f0d000},
	year = {1977}
}

@article{pandit1980differential,
	author = {Pandit, SG},
	journal = {Pacific Journal of Mathematics},
	localfile = {DIFFERENTIAL SYSTEMS WITH IMPULSIVEPERTURBATIONS.pdf},
	number = {2},
	pages = {553--560},
	publisher = {Mathematical Sciences Publishers},
	title = {Differential systems with impulsive perturbations},
	volume = {86},
	x-color = {#f0d000},
	year = {1980}
}

@article{yablonski2005differential,
	author = {Yablonski, A.},
	journal = {Nonlinear Analysis: Theory, Methods \& Applications},
	localfile = {Differential equations with generalized coefficients.pdf},
	number = {2},
	pages = {171--197},
	publisher = {Elsevier},
	title = {Differential equations with generalized coefficients},
	volume = {63},
	x-color = {#009966},
	year = {2005}
}

@article{slavik2015well,
	author = {Slav\'{\i}k, A.},
	journal = {Journal of Differential Equations},
	localfile = {Well-posedness results for abstract generalized differential equations and measure functional differential equations.pdf},
	number = {2},
	pages = {666--707},
	publisher = {Elsevier},
	title = {Well-posedness results for abstract generalized differential equations and measure functional differential equations},
	volume = {259},
	x-color = {#f0d000},
	year = {2015}
}

@article{das1980some,
	author = {Das, P. C. and Sharma, R. R.},
	journal = {Journal of Mathematical Analysis and Applications},
	localfile = {Some {S}tieltjes integral inequalities.pdf},
	number = {2},
	pages = {423--433},
	publisher = {Elsevier},
	title = {Some {S}tieltjes integral inequalities},
	volume = {73},
	x-color = {#cc3300},
	year = {1980}
}

@misc{mesquita2012measure,
	author = {Mesquita, Jaqueline Godoy and others},
	journal = {Ph. D. Thesis, Universidade de S{\'a}o Paulo},
	localfile = {Measure functional differential equations and impulsive functional dynamic equations on time scale.pdf},
	publisher = {Citeseer},
	title = {Measure functional differential equations and impulsive functional dynamic equations on time scales},
	x-color = {#009966},
	year = {2012}
}

@article{ashordia2005lyapunov,
	author = {Ashordia, M.},
	journal = {Computers \& Mathematics with Applications},
	localfile = {Lyapunov stability of systems of linear generalized ordinary differential equations.pdf},
	number = {5-6},
	pages = {957--982},
	publisher = {Elsevier},
	title = {Lyapunov stability of systems of linear generalized ordinary differential equations},
	volume = {50},
	x-color = {#f0d000},
	year = {2005}
}

@article{cao2015existence,
	author = {Cao, Y. and Sun, J.},
	journal = {Journal of Mathematical Analysis and Applications},
	localfile = {Existence of solutions for semilinear measure driven equations.pdf},
	number = {2},
	pages = {621--631},
	publisher = {Elsevier},
	title = {Existence of solutions for semilinear measure driven equations},
	volume = {425},
	x-color = {#f0d000},
	year = {2015}
}

@article{tanwani2015stability,
	author = {Tanwani, A. and Brogliato, B. and Prieur, C.},
	journal = {Mathematics of Control, Signals, and Systems},
	localfile = {Stability notions for a class of nonlinear systemswith measure controls.pdf},
	number = {2},
	pages = {245--275},
	publisher = {Springer},
	title = {Stability notions for a class of nonlinear systems with measure controls},
	volume = {27},
	x-color = {#f0d000},
	year = {2015}
}

@article{bedyuk2009nonautonomous,
	author = {Bedyuk, N. V. and Yablonskii, O. L.},
	journal = {Differential Equations},
	localfile = {Nonautonomous Differential Equationsin the Algebra of New Generalized Functions.pdf},
	number = {1},
	pages = {6--17},
	publisher = {Springer},
	title = {Nonautonomous differential equations in the algebra of new generalized functions},
	volume = {45},
	x-color = {#009966},
	year = {2009}
}

@phdthesis{acuna2016qualitative,
	author = {Acu{\~n}a, Rogelio Grau},
	localfile = {On qualitative properties of generalized ODEs.pdf},
	school = {Universidade de S{\~a}o Paulo},
	title = {On qualitative properties of generalized ODEs},
	x-color = {#009966},
	year = {2016}
}

@article{slyusarchuk2000general,
	author = {Slyusarchuk, V. E.},
	journal = {Ukrainian Mathematical Journal},
	localfile = {GENERAL THEOREMS ON THE EXISTENCE AND UNIQUENESS OF SOLUTIONS OF IMPULSIVE DIFFERENTIAL EQUATIONS.pdf},
	number = {7},
	pages = {1094--1106},
	publisher = {Springer},
	title = {General theorems on the existence and uniqueness of solutions of impulsive differential equations},
	volume = {52},
	x-color = {#f0d000},
	year = {2000}
}

@article{liu2018existence,
	author = {Liu, Wei and Ye, Guoju and Zhao, Dafang and Torres, Delfim FM},
	journal = {Journal of King Saud University-Science},
	localfile = {Existence theorems for a nonlinear second-order distributionaldifferential equation.pdf},
	number = {4},
	pages = {527--530},
	publisher = {Elsevier},
	title = {Existence theorems for a nonlinear second-order distributional differential equation},
	volume = {30},
	x-color = {#f0d000},
	year = {2018}
}

@article{ye2019existence,
	author = {Ye, Guoju and Zhang, Mingxia and Liu, Wei and Zhao, Dafang},
	journal = {Revista de la Uni{\'o}n Matem{\'a}tica Argentina},
	localfile = {EXISTENCE AND UNIQUENESS OF SOLUTIONS TODISTRIBUTIONAL DIFFERENTIAL EQUATIONS INVOLVINGHENSTOCK--KURZWEIL--STIELTJES INTEGRALS.pdf},
	number = {2},
	pages = {443--458},
	title = {Existence and uniqueness of solutions to distributional differential equations involving Henstock--Kurzweil--Stieltjes integrals},
	volume = {60},
	x-color = {#f0d000},
	year = {2019}
}


@incollection{moreau1988unilateral,
	author = {Moreau, J. J.},
	booktitle = {Nonsmooth mechanics and Applications},
	localfile = {Unilateral Contact and Dry Friction in Finite Freedom.pdf},
	pages = {1–82},
	publisher = {Springer},
	title = {Unilateral contact and dry friction in finite freedom dynamics},
	year = {1988}
}

@inproceedings{van2008tracking,
	author = {Van De Wouw, N. and Leine, R.},
	booktitle = {2008 47th IEEE Conference on Decision and Control},
	localfile = {Tracking control for a class of measure differential_inclusions.pdf},
	organization = {IEEE},
	pages = {2526–2532},
	title = {Tracking control for a class of measure differential inclusions},
	year = {2008}
}




@article{KUMAR2020,
	author = {Kumar, S. and Agarwal, R. P.},
	journal = {Differential Equations \& Applications},
	localfile = {EXISTENCE OF SOLUTION FOR NON--AUTONOMOUSSEMILINEAR MEASURE DRIVEN EQUATIONS.pdf},
	number = {3},
	pages = {313--322},
	title = {Existence of solution for non--autonomous semilinear measure driven equations},
	volume = {12},
	x-color = {#f0d000},
	year = {2020}
}

@article{feng49existence,
	author = {Feng, Chen and Guoju, Ye and Wei, L{\.I}U and Dafang, Zhao},
	journal = {Hacettepe Journal of Mathematics and Statistics},
	localfile = {Existence and uniqueness of solution to nonlinearsecond-order distributional differential equations.pdf},
	number = {1},
	pages = {170--179},
	title = {Existence and uniqueness of solution to nonlinear second-order distributional differential equations},
	volume = {49},
	x-color = {#009966}
}

@phdthesis{silvateoria,
	author = {Silva, Marielle Aparecida},
	localfile = {Teoria de oscilacoes para EDOs generalizadas e aplicacoes aoutros tipos de equacoes.pdf},
	school = {Universidade de S{\~a}o Paulo},
	title = {Teoria de oscila{\c c}{\~o}es para EDOs generalizadas e aplica{\c c}{\~o}es a outros tipos de equa{\c c}{\~o}es},
	x-color = {#009966}
}

@article{macena2019applications,
	author = {Macena, Maria Carolina Stefani Mesquita},
	localfile = {Applications of topological degree theory toGeneralized ODEs.pdf},
	publisher = {Universidade Federal de S{\~a}o Carlos},
	title = {Applications of topological degree theory to generalized ODEs},
	x-color = {#009966},
	year = {2019}
}

@article{bedziuk2010solutions,
	author = {Bedziuk, N. and Yablonski, A.},
	journal = {Nonlinear Differential Equations and Applications NoDEA},
	localfile = {Solutions of nonlinear differential equations.pdf},
	number = {2},
	pages = {249--270},
	publisher = {Springer},
	title = {Solutions of nonlinear differential equations},
	volume = {17},
	x-color = {#009966},
	year = {2010}
}

@article{ligkeza1975generalized,
	author = {Lig{\k{e}}za, J},
	journal = {Annales Polonici Mathematici},
	localfile = {On generalized solutions of some differential non-linear equations of order n.pdf},
	number = {31},
	pages = {115--120},
	title = {On generalized solutions of some differential non-linear equations of order n},
	volume = {2},
	x-color = {#009966},
	year = {1975}
}

@article{schmaedeke1965optimal,
	author = {Schmaedeke, W. W.},
	journal = {Journal of the Society for Industrial and Applied Mathematics, Series A: Control},
	localfile = {OPTIMALCONTROLTHEORYFORNONLINEARVECTORDIFFERENTIALEQUATIONSCONTAININGMEASURES.pdf},
	number = {2},
	pages = {231--280},
	publisher = {SIAM},
	title = {Optimal control theory for nonlinear vector differential equations containing measures},
	volume = {3},
	x-color = {#f0d000},
	year = {1965}
}

@article{cichon2014measure,
	author = {Cicho{\'n}, M. and Satco, B. },
	journal = {Advances in Difference Equations},
	localfile = {Measure differential inclusions - betweencontinuous and discrete.pdf},
	number = {1},
	pages = {1--18},
	publisher = {SpringerOpen},
	title = {Measure differential inclusions-between continuous and discrete},
	volume = {2014},
	x-color = {#cc3300},
	year = {2014}
}

@article{wan2011existence,
	author = {Wan, Xiaojun and Sun, Jitao},
	journal = {Advances in Difference Equations},
	localfile = {Existence of solutions for perturbed abstractmeasure functional differential equations.pdf},
	number = {1},
	pages = {1--8},
	publisher = {SpringerOpen},
	title = {Existence of solutions for perturbed abstract measure functional differential equations},
	volume = {2011},
	x-color = {#009966},
	year = {2011}
}

@article{satco2014regulated,
	author = {Satco, Bianca},
	journal = {Nonlinear Analysis: Hybrid Systems},
	localfile = {Regulated solutions for nonlinear measure driven equations.pdf},
	pages = {22--31},
	publisher = {Elsevier},
	title = {Regulated solutions for nonlinear measure driven equations},
	volume = {13},
	x-color = {#cc3300},
	year = {2014}
}

@article{lyons1998differential,
	author = {Lyons, Terry J},
	journal = {Revista Matem{\'a}tica Iberoamericana},
	localfile = {Differential equations driven by rough signals.pdf},
	number = {2},
	pages = {215--310},
	title = {Differential equations driven by rough signals},
	volume = {14},
	x-color = {#cc3300},
	year = {1998}
}

@article{lyons1994differential,
	author = {Lyons, Terry},
	journal = {Mathematical Research Letters},
	localfile = {DIFFERENTIAL EQUATIONS DRIVEN BYROUGH SIGNALS (I) AN EXTENSIONOF AN INEQUALITY OF L. C. YOUNG.pdf},
	number = {4},
	pages = {451--464},
	publisher = {International Press of Boston},
	title = {Differential equations driven by rough signals (I): An extension of an inequality of LC Young},
	volume = {1},
	x-color = {#cc3300},
	year = {1994}
}

@book{ A.F.Filippov916,
    title = "Differential Equations With Discontinuous Righthand Sides: Control Systems",
    title_sort = "Differential Equations With Discontinuous Righthand Sides: Control Systems",
    author_sort = "Filippov, A. F.",
    author = "A. F. Filippov",
    isbn = "978-90-2772-699-5",
    year = "1988",
    month = "sep",
    publisher = "Springer Science \& Business Media" }

@book{A.F.Filippov916,
    title = "Differential Equations With Discontinuous Righthand Sides: Control Systems",
    title_sort = "Differential Equations With Discontinuous Righthand Sides: Control Systems",
    author_sort = "Filippov, A. F.",
    author = "A. F. Filippov",
    isbn = "978-90-2772-699-5",
    year = "1988",
    month = "sep",
    publisher = "Springer Science \& Business Media" }
    
    
@book{ EarlA.Coddington1042,
    title = "Theory of Ordinary Differential Equations",
    author = "Coddington, E. A.   and Levinson, N.",
    isbn = "978-00-7099-256-6",
    year = "1955",
    month = "ago",
    publisher = "McGraw-Hill" }

@book{ A.M.Samoilenko798,
    title = "Impulsive Differential Equations",
    title_sort = "Impulsive Differential Equations",
    author_sort = "Samo?lenko, Anatoli? Mikha?lovich \& Perestyuk, N. A. \& Peresti?u?k, Nikola? Alekseevich",
    author = "A. M. Samoilenko and N. A. Perestyuk",
    cover = "/home/fernando/fer/Biblioteca/Biblioteca de calibre/A. M. Samoilenko/Impulsive Differential Equations (798)/cover.jpg",
    isbn = "978-98-1022-416-5",
    year = "1995",
    month = "ene",
    publisher = "World Scientific",
    size = "2991569 octets" }

@book{ GaniT.Stamov800,
    title = "Almost Periodic Solutions of Impulsive Differential Equations",
    title_sort = "Almost Periodic Solutions of Impulsive Differential Equations",
    author_sort = "Stamov, Gani T.",
    author = "Stamov, G. T.",
    cover = "/home/fernando/fer/Biblioteca/Biblioteca de calibre/Gani T. Stamov/Almost Periodic Solutions of Impulsive Differential Equations (800)/cover.jpg",
    isbn = "978-36-4227-545-6",
    year = "2012",
    month = "mar",
    publisher = "Springer Science \& Business Media",
    size = "1215300 octets" }

@book{ DrumiBainov801,
    title = "Impulsive Differential Equations: Periodic Solutions and Applications",
    title_sort = "Impulsive Differential Equations: Periodic Solutions and Applications",
    author_sort = "{{B}ainov, D.} and {{S}imeonov, P.}",
    author = " Bainov, D. and Simeonov, P.",
    cover = "/home/fernando/fer/Biblioteca/Biblioteca de calibre/Drumi Bainov/Impulsive Differential Equations\_ Periodic Solutions and Applications (801)/cover.jpg",
    isbn = "978-05-8209-639-4",
    year = "1993",
    month = "jul",
    publisher = "CRC Press",
    size = "2214990 octets" }

@book{ V.Lakshmikantham802,
    title = "Theory of Impulsive Differential Equations",
    title_sort = "Theory of Impulsive Differential Equations",
    author_sort = "Lakshmikantham, V. \& Ba?nov, Dimit?r \& Simeonov, Pavel S.",
    author = "V. Lakshmikantham and D. Bainov and P. S. Simeonov",
    cover = "/home/fernando/fer/Biblioteca/Biblioteca de calibre/V. Lakshmikantham/Theory of Impulsive Differential Equations (802)/cover.jpg",
    isbn = "978-99-7150-970-5",
    year = "1989",
    month = "ene",
    publisher = "World Scientific",
    size = "1296625 octets" }

@book{ S.T.Zavalishchin804,
    title = "Dynamic Impulse Systems: Theory and Applications",
    title_sort = "Dynamic Impulse Systems: Theory and Applications",
    author_sort = "Zavalishchin, S. T. \& Sesekin, A. N.",
    author = "S. T. Zavalishchin and A. N. Sesekin",
    cover = "/home/fernando/fer/Biblioteca/Biblioteca de calibre/S. T. Zavalishchin/Dynamic Impulse Systems\_ Theory and Applications (804)/cover.jpg",
    isbn = "978-94-0158-893-5",
    year = "2013",
    month = "mar",
    publisher = "Springer Science \& Business Media",
    size = "1856021 octets" }

@book{ IvankaStamova810,
    title = "Applied Impulsive Mathematical Models",
    title_sort = "Applied Impulsive Mathematical Models",
    author_sort = "Stamova, Ivanka \& Stamov, Gani",
    author = "Stamova, I. and Stamov, G.",
    cover = "/home/fernando/fer/Biblioteca/Biblioteca de calibre/Ivanka Stamova/Applied Impulsive Mathematical Models (810)/cover.jpg",
    isbn = "978-33-1928-061-5",
    year = "2016",
    month = "may",
    publisher = "Springer",
    size = "1550136 octets" }

@book{ M.Benchohra912,
    title = "Impulsive Differential Equations and Inclusions",
    title_sort = "Impulsive Differential Equations and Inclusions",
    author_sort = "Benchohra, M. \& Henderson, J. \& Ntouyas, S.",
    author = "M. Benchohra and J. Henderson and S. Ntouyas",
    cover = "/home/fernando/fer/Biblioteca/Biblioteca de calibre/M. Benchohra/Impulsive Differential Equations and Inclusions (912)/cover.jpg",
    isbn = "978-97-7594-550-1",
    year = "2006",
    month = "abr",
    publisher = "Hindawi Publishing Corporation",
    size = "2722999 octets" }

@book{ S.G.Pandit1397,
    title = "Differential Systems Involving Impulses",
    title_sort = "Differential Systems Involving Impulses",
    author_sort = "Pandit, S. G. \& Deo, S. G.",
    author = "S. G. Pandit and S. G. Deo",
    cover = "/home/fernando/fer/Biblioteca/Biblioteca de calibre/S. G. Pandit/Differential Systems Involving Impulses (1397)/cover.jpg",
    isbn = "978-35-4039-428-0",
    year = "2006",
    month = "nov",
    publisher = "Springer",
    size = "1690637 octets" }

@book{ EveraldoM.Bonotto1399,
  title={Generalized Ordinary Differential Equations in Abstract Spaces and Applications},
  author={Bonotto, E.M. and Federson, M. and Mesquita, J.G.},
  isbn={9781119654933},
  year={2021},
  publisher={Wiley}
  }

@book{ S.Schwabik1400,
    title = "Differential and Integral Equations: Boundary Value Problems and Adjoints",
    title_sort = "Differential and Integral Equations: Boundary Value Problems and Adjoints",
    author_sort = "Schwabik, S. \& Tvrdý, M. \& Vejvoda, O.",
    author = "S. Schwabik and M. Tvrdý and O. Vejvoda",
    cover = "/home/fernando/fer/Biblioteca/Biblioteca de calibre/S. Schwabik/Differential and Integral Equations\_ Boundary Value Problems and Adjoints (1400)/cover.jpg",
    isbn = "978-90-2770-802-1",
    year = "1979",
    month = "may",
    publisher = "Academia Praha",
    size = "2128308 octets" }

@book{ StefanSchwabik1401,
    title = "Generalized Ordinary Differential Equations",
    title_sort = "Generalized Ordinary Differential Equations",
    author_sort = "Schwabik, ?tefan",
    author = "Stefan Schwabik",
    cover = "/home/fernando/fer/Biblioteca/Biblioteca de calibre/Stefan Schwabik/Generalized Ordinary Differential Equations (1401)/cover.jpg",
    isbn = "978-98-1021-225-4",
    year = "1992",
    month = "oct",
    publisher = "World Scientific",
    size = "5131937 octets" }

@book{ AngeloBernardoMingarelli1402,
    title = "Volterra-Stieltjes Integral Equations and Generalized Ordinary Differential Expressions",
    title_sort = "Volterra-Stieltjes Integral Equations and Generalized Ordinary Differential Expressions",
    author_sort = "Mingarelli, Angelo Bernardo \& Mingarelli, Bernardo",
    author = "Angelo Bernardo Mingarelli and Bernardo Mingarelli",
    cover = "/home/fernando/fer/Biblioteca/Biblioteca de calibre/Angelo Bernardo Mingarelli/Volterra-Stieltjes Integral Equations and Generalized Ordinary Differential Expressions (1402)/cover.jpg",
    isbn = "978-03-8712-294-6",
    year = "1983",
    month = "oct",
    publisher = "Springer-Verlag",
    size = "984204 octets" }

@book{ BernardBrogliato1403,
    title = "Nonsmooth Mechanics: Models, Dynamics and Control",
    title_sort = "Nonsmooth Mechanics: Models, Dynamics and Control",
    author_sort = "Brogliato, Bernard",
    author = " Brogliato, B.",
    cover = "/home/fernando/fer/Biblioteca/Biblioteca de calibre/Bernard Brogliato/Nonsmooth Mechanics\_ Models, Dynamics and Control (1403)/cover.jpg",
    isbn = "978-33-1928-662-4",
    year = "2016",
    month = "mar",
    publisher = "Springer International Publishing",
    size = "6508633 octets" }

@book{ GennadiyAlekseevichLeonov1405,
    title = "Dynamics and Control of Hybrid Mechanical Systems",
    title_sort = "Dynamics and Control of Hybrid Mechanical Systems",
    author_sort = "Leonov, Gennadi? Alekseevich \& Nijmeijer, Henk \& Pogromsky, Alexander",
    author = "Leonov, G. A. and Nijmeijer, H. and Pogromsky, A.",
    cover = "/home/fernando/fer/Biblioteca/Biblioteca de calibre/Gennadiy Alekseevich Leonov/Dynamics and Control of Hybrid Mechanical Systems (1405)/cover.jpg",
    isbn = "978-98-1428-231-4",
    year = "2010",
    month = "oct",
    publisher = "World Scientific",
    size = "7017877 octets" }

@book{ R.M.Dudley1463,
    title = "Concrete Functional Calculus",
    title_sort = "Concrete Functional Calculus",
    author_sort = "Dudley, R. M. \& Norvaiša, R.",
    author = "R. M. Dudley and R. Norvaiša",
    cover = "/home/fernando/fer/Biblioteca/Biblioteca de calibre/R. M. Dudley/Concrete Functional Calculus (1463)/cover.jpg",
    isbn = "978-14-4196-950-7",
    year = "2010",
    month = "nov",
    publisher = "Springer Science \& Business Media",
    size = "4781808 octets" }

@book{ TerryJ.Lions1471,
    title = "Differential Equations Driven by Rough Paths",
    title_sort = "Differential Equations Driven by Rough Paths",
    author_sort = "Caruana, Michael J.",
    author = "Terry J. Lions and Michael J. Caruana and Thierry Lévy",
    cover = "/home/fernando/fer/Biblioteca/Biblioteca de calibre/Terry J. Lions/Differential Equations Driven by Rough Paths (1471)/cover.jpg",
    isbn = "978-35-4071-284-8",
    year = "2007",
    month = "jun",
    publisher = "Springer",
    size = "1363929 octets" }


    
@article{Tian-2010,
	author = {{G}e, W. {T}ian, Y.},
	issn = {0362-546X},
	issue = {1},
	journal = {Nonlinear Analysis: Theory, Methods \& Applications},
	localfile = {Variational methods to Sturm--Liouville boundary value problem for impulsive differential equations.pdf},
	pages = {277--287},
	publisher = {Elsevier Science},
	title = {Variational methods to Sturm--Liouville boundary value problem for impulsive differential equations},
	volume = {72},
	year = {2010}
}

@article{nieto-2009,
	author = {O{\rq}Regan, Juan J. Nieto; Donal},
	doi = {10.1016/j.nonrwa.2007.10.022},
	issn = {1468-1218},
	issue = {2},
	journal = {Nonlinear Analysis: Real World Applications},
	localfile = {Variational approach to impulsive differential equations.pdf},
	pages = {680--690},
	publisher = {Elsevier Science},
	title = {Variational approach to impulsive differential equations},
	url = {http://doi.org/10.1016/j.nonrwa.2007.10.022},
	volume = {10},
	x-color = {#FF8C00},
	year = {2009}
}

@article{Zhang-2010,
	author = {Li, Hao Zhang; Zhixiang},
	doi = {10.1016/j.nonrwa.2008.10.016},
	issn = {1468-1218},
	issue = {1},
	journal = {Nonlinear Analysis: Real World Applications},
	localfile = {Variational approach to impulsive differential equations with periodic boundary conditions.pdf},
	pages = {67--78},
	publisher = {Elsevier Science},
	title = {Variational approach to impulsive differential equations with periodic boundary conditions},
	url = {http://doi.org/10.1016/j.nonrwa.2008.10.016},
	volume = {11},
	year = {2010}
}

@article{Xiao-2011,
	author = {Nieto, Jing Xiao; Juan J.},
	doi = {10.1016/j.jfranklin.2010.12.003},
	issn = {0016-0032},
	issue = {2},
	journal = {Journal of the Franklin Institute},
	localfile = {Variational approach to some damped Dirichlet nonlinear impulsive differential equations.pdf},
	pages = {369--377},
	publisher = {Elsevier Science},
	title = {Variational approach to some damped Dirichlet nonlinear impulsive differential equations},
	url = {http://doi.org/10.1016/j.jfranklin.2010.12.003},
	volume = {348},
	year = {2011}
}

@article{Kou-2003,
	author = {Duan, Chunhai Kou; Shunian Zhang; Yongrui},
	doi = {10.1016/s0898-1221(03)90235-5},
	issn = {0898-1221},
	issue = {12},
	journal = {Computers \& Mathematics with Applications},
	localfile = {Variational Lyapunov  Method  and Stability Analysis  for Impulsive Delay Differential  Equations.pdf},
	pages = {1761--1777},
	publisher = {Elsevier Science},
	title = {Variational Lyapunov method and stability analysis for impulsive delay differential equations},
	url = {http://doi.org/10.1016/s0898-1221%2803%2990235-5},
	volume = {46},
	year = {2003}
}

@article{Xiao-2012,
	author = {Luo, Jing Xiao; Juan J. Nieto; Zhiguo},
	doi = {10.1016/j.cnsns.2011.05.015},
	issn = {1007-5704},
	issue = {1},
	journal = {Communications in Nonlinear Science and Numerical Simulation},
	localfile = {Multiplicity of solutions for nonlinear second order impulsive differential equations with linear derivative dependence via variational methods.pdf},
	pages = {426--432},
	publisher = {Elsevier Science},
	title = {Multiplicity of solutions for nonlinear second order impulsive differential equations with linear derivative dependence via variational methods},
	url = {http://doi.org/10.1016/j.cnsns.2011.05.015},
	volume = {17},
	year = {2012}
}

@article{Li-2011,
	author = {Li, Haichun},
	doi = {10.1016/j.proeng.2011.08.1048},
	issn = {1877-7058},
	issue = {none},
	journal = {Procedia Engineering},
	localfile = {Variational method to the second-order impulsive partial differential equations with inconstant coefficients (I).pdf},
	pages = {35--41},
	title = {Variational method to the second-order impulsive partial differential equations with inconstant coefficients (I)},
	url = {http://doi.org/10.1016/j.proeng.2011.08.1048},
	volume = {16},
	year = {2011}
}

@article{Da-2013,
	author = {Zhang, Dan},
	doi = {10.1007/s00025-011-0221-y},
	issne = {1420-9012},
	issnp = {1422-6383},
	issue = {1-2},
	journal = {Results in Mathematics},
	localfile = {Multiple Solutions of Nonlinear Impulsive Differential Equations with Dirichlet Boundary Conditions via Variational Method.pdf},
	month = {02},
	page = {611--628},
	publisher = {Springer},
	title = {Multiple Solutions of Nonlinear Impulsive Differential Equations with Dirichlet Boundary Conditions via Variational Method},
	volume = {63},
	year = {2013}
}

@article{Tang-2014,
	author = {Tang, Qing; Nieto, Juan J.},
	doi = {10.1016/j.aml.2014.03.019},
	issn = {0893-9659},
	journal = {Applied Mathematics Letters},
	localfile = {Variational approach to impulsive evolution equations.pdf},
	pages = {31--35},
	publisher = {Elsevier Science},
	title = {Variational approach to impulsive evolution equations},
	url = {http://doi.org/10.1016/j.aml.2014.03.019},
	volume = {36},
	year = {2014}
}

@article{Li-2014,
	author = {Li, Jin},
	doi = {10.1186/s13661-014-0233-0},
	issn = {1687-2762,1687-2770},
	issue = {1},
	journal = {Boundary Value Problems},
	localfile = {Lazer-Leach type condition for second order differential equations at resonance with impulsive effects via variational method.pdf},
	pages = {233},
	publisher = {Springer International Publishing AG},
	title = {Lazer-Leach type condition for second order differential equations at resonance with impulsive effects via variational method},
	url = {http://doi.org/10.1186/s13661-014-0233-0},
	volume = {2014},
	year = {2014}
}

@article{Li-2014b,
	author = {Li, Jin; Luo, Jianlin; Wang, Zaihong},
	day = {20},
	doi = {10.3846/13926292.2014.980864},
	issne = {1648-3510},
	issnp = {1392-6292},
	issue = {5},
	journal = {Mathematical Modelling and Analysis},
	localfile = {Periodic Solutions of Second Order Impulsive Differential Equations at Resonance via Variational Approach.pdf},
	month = {10},
	page = {664--675},
	publisher = {Vilnius Gediminas Technical University},
	title = {Periodic Solutions of Second Order Impulsive Differential Equations at Resonance via Variational Approach},
	volume = {19},
	year = {2014}
}

@article{Tian-2008,
	author = {Tian, Yu; Ge, Weigao},
	doi = {10.1017/S0013091506001532},
	issn = {0013-0915,1464-3839},
	issue = {2},
	journal = {Proceedings of the Edinburgh Mathematical Society},
	localfile = {APPLICATIONS OF VARIATIONAL METHODS TO BOUNDARY-VALUE PROBLEM FOR IMPULSIVE DIFFERENTIAL EQUATIONS.pdf},
	publisher = {Cambridge University Press},
	title = {APPLICATIONS OF VARIATIONAL METHODS TO BOUNDARY-VALUE PROBLEM FOR IMPULSIVE DIFFERENTIAL EQUATIONS},
	url = {http://doi.org/10.1017/S0013091506001532},
	volume = {51},
	year = {2008}
}

@article{Li-2015,
	author = {Li, Jin; Luo, Jianlin; Wang, Zaihong},
	day = {04},
	doi = {10.3846/13926292.2015.1024973},
	issne = {1648-3510},
	issnp = {1392-6292},
	issue = {2},
	journal = {Mathematical Modelling and Analysis},
	localfile = {Retraction notice to Periodic Solutions of Second Order Impulsive Differential Equations at Resonance via Variational Approach.pdf},
	month = {03},
	page = {289--289},
	publisher = {Vilnius Gediminas Technical University},
	title = {Retraction notice to ``Periodic Solutions of Second Order Impulsive Differential Equations at Resonance via Variational Approach'' [Math. Model. Anal. 19(5):664--675, 2014]},
	volume = {20},
	year = {2015}
}

@inproceedings{Haichu-2011,
	author = {{Haichun Li}, ; Yulong Zhang},
	doi = {10.1109/iceice.2011.5777683},
	isbn = {978-1-4244-8036-4},
	localfile = {Variational approach to second-order impulsive elliptic equations with periodic boundary value problems.pdf},
	page = {929--932},
	title = {[IEEE 2011 International Conference on Electric Information and Control Engineering (ICEICE) - Wuhan, China (2011.04.15-2011.04.17)] 2011 International Conference on Electric Information and Control Engineering - Variational approach to second-order impulsive elliptic equations with periodic boundary value problems},
	year = {2011}
}

@article{Chen-2011,
	author = {Chen, Huiwen; Li, Jianli},
	doi = {10.1155/2010/325415},
	issn = {1687-2762,1687-2770},
	issue = {1},
	journal = {Boundary Value Problems},
	localfile = {Variational Approach to Impulsive Differential Equations with Dirichlet Boundary Conditions.pdf},
	pages = {325415},
	publisher = {Springer International Publishing AG},
	title = {Variational Approach to Impulsive Differential Equations with Dirichlet Boundary Conditions},
	url = {http://doi.org/10.1155/2010%2F325415},
	volume = {2010},
	year = {2011}
}

@article{Guo-2014,
	author = {Guo, Dajun},
	doi = {10.1186/1687-2770-2014-37},
	issn = {1687-2762,1687-2770},
	issue = {1},
	journal = {Boundary Value Problems},
	localfile = { Variational approach to a class of impulsive Variational approach differential equations.pdf},
	pages = {37},
	publisher = {Springer International Publishing AG},
	title = {Variational approach to a class of impulsive differential equations},
	url = {http://doi.org/10.1186/1687-2770-2014-37},
	volume = {2014},
	year = {2014}
}

@article{He-2011,
	author = {He, Ji-Huan},
	doi = {10.5560/ZNA.2011-0029},
	issn = {0932-0784,1865-7109},
	issue = {10-11},
	journal = {Zeitschrift f{\"u}r Naturforschung A},
	localfile = {Variational Approach to Impulsive Differential Equations Using the Semi-Inverse Method.pdf},
	publisher = {Verlag der Zeitschrift fr Naturforschung},
	title = {Variational Approach to Impulsive Differential Equations Using the Semi-Inverse Method},
	url = {http://doi.org/10.5560/ZNA.2011-0029},
	volume = {66},
	year = {2011}
}

@article{heidarkhani2018variational,
	author = {Heidarkhani, Shapour and Cabada, Alberto and Afrouzi, GA and Moradi, Shahin and Caristi, Giuseppe},
	journal = {Journal of Computational and Applied Mathematics},
	localfile = {A variational approach to perturbed impulsive fractional differential equations.pdf},
	pages = {42--60},
	publisher = {Elsevier},
	title = {A variational approach to perturbed impulsive fractional differential equations},
	volume = {341},
	year = {2018}
}

@article{daoudi2013variational,
	author = {Daoudi-Merzagui, Naima and Boucherif, Abdelkader},
	journal = {Journal of Applied Mathematics},
	localfile = {Variational Approach to Impulsive Differential Equations with Singular Nonlinearities.pdf},
	publisher = {Hindawi},
	title = {Variational approach to impulsive differential equations with singular nonlinearities},
	volume = {2013},
	year = {2013}
}

@article{li2020infinitely,
	author = {Li, Chun and Li, Lin and Yang, He},
	journal = {Journal of Applied Analysis \& Computation},
	localfile = {INFINITELY MANY SOLUTIONS FOR NON-AUTONOMOUS SECOND-ORDER SYSTEMS WITH IMPULSIVE EFFECTS.pdf},
	number = {2},
	pages = {427--441},
	publisher = {Journal of Applied Analysis \& Computation},
	title = {INFINITELY MANY SOLUTIONS FOR NON-AUTONOMOUS SECOND-ORDER SYSTEMS WITH IMPULSIVE EFFECTS},
	volume = {10},
	year = {2020}
}

@article{Jingl-2013,
	author = {{Jingli Xie}, Zhiguo Luo},
	doi = {10.1186/1029-242X-2013-406},
	issne = {1029-242X},
	issnp = {1025-5834},
	issue = {1},
	journal = {Journal of Inequalities and Applications},
	localfile = {The existence of solutions of periodic BVP for second order impulsive differential equations.pdf},
	month = {12},
	page = {--},
	publisher = {Hindawi Publishing Corporation},
	title = {The existence of solutions of periodic BVP for second order impulsive differential equations},
	volume = {2013},
	year = {2013}
}

@article{zhang2008periodic,
	author = {Zhang, Hao and Li, ZX},
	journal = {International Journal of Qualitative Theory of Differential Equations and Applications},
	localfile = {Periodic-solutions-of-second-order-nonautonomous-impulsive-di-erential-equations.pdf},
	number = {1},
	pages = {112--124},
	title = {Periodic solutions of second-order nonautonomous impulsive differential equations},
	volume = {2},
	year = {2008}
}

@article{Pierri-2013,
	author = {Pierri, Michelle; O{\rq}Regan, Donal; Rolnik, Vanessa},
	doi = {10.1016/j.amc.2012.12.084},
	issnp = {0096-3003},
	issue = {12},
	journal = {Applied Mathematics and Computation},
	localfile = {Existence of solutions for semi-linear abstract differential equations with not instantaneous impulses.pdf},
	month = {2},
	page = {6743--6749},
	publisher = {Elsevier Science},
	title = {Existence of solutions for semi-linear abstract differential equations with not instantaneous impulses},
	volume = {219},
	year = {2013}
}

@article{yang2011periodic,
	author = {Yang, Xiaoxia and Chen, Haibo},
	journal = {J. Applied Mathematics},
	localfile = {Periodic Solutions for Autonomous q, p-Laplacian System with Impulsive Effects.pdf},
	pages = {378389--1},
	title = {Periodic Solutions for Autonomous $(q, p)$-Laplacian System with Impulsive Effects.},
	volume = {2011},
	year = {2011}
}

@article{graef2015nontrivial,
	author = {Graef, John R and Heidarkhani, Shapour and Kong, Lingju},
	journal = {Electron J. Differ. Equ},
	localfile = {Nontrivial periodic solutions to second-order impulsive Hamiltonian systems, .pdf},
	number = {204},
	pages = {1--17},
	title = {Nontrivial periodic solutions to second-order impulsive Hamiltonian systems},
	volume = {2015},
	year = {2015}
}

@article{Liu-2019,
	author = {Liu, Jian; Yu, Wenguang},
	doi = {10.1016/j.aml.2019.106162},
	issnp = {0893-9659},
	journal = {Applied Mathematics Letters},
	localfile = {Two solutions to superlinear Hamiltonian systems with impulsive effects.pdf},
	month = {11},
	page = {106162--},
	publisher = {Elsevier Science},
	title = {Two solutions to superlinear Hamiltonian systems with impulsive effects},
	year = {2019}
}

@article{Nieto-2020,
	author = {Nieto, Juan J.; Uzal, Jos{\'e} M.},
	doi = {10.1007/s11784-019-0754-3},
	issne = {1661-7746},
	issnp = {1661-7738},
	issue = {1},
	journal = {Journal of Fixed Point Theory and Applications},
	localfile = {Nonlinear second-order impulsive differential problems with dependence on the derivative via variational structure.pdf},
	month = {3},
	page = {19--},
	title = {Nonlinear second-order impulsive differential problems with dependence on the derivative via variational structure},
	volume = {22},
	year = {2020}
}

@article{HernA?ndez-2020,
	author = {Hern{\'a}ndez, Eduardo},
	doi = {10.1016/j.jmaa.2020.124288},
	issne = {1096-0813},
	issnp = {0022-247X},
	journal = {Journal of Mathematical Analysis and Applications},
	localfile = {Abstract impulsive differential equations without predefined time impulses.pdf},
	month = {6},
	page = {124288--},
	publisher = {Elsevier Science},
	title = {Abstract impulsive differential equations without predefined time impulses},
	year = {2020}
}

@article{Hernandez-2012,
	author = {Hern{\'a}ndez, Eduardo; O{\rq}Regan, Donal},
	day = {25},
	doi = {10.1090/s0002-9939-2012-11613-2},
	issne = {1088-6826},
	issnp = {0002-9939},
	issue = {5},
	journal = {Proceedings of the American Mathematical Society},
	localfile = {On a new class of abstract impulsive differential equations.pdf},
	month = {10},
	page = {1641--1649},
	publisher = {American Mathematical Society},
	title = {On a new class of abstract impulsive differential equations},
	volume = {141},
	year = {2012}
}

@article{menasria2020existence,
	author = {Menasria, Linda and Bouali, Tahar and Guefaifia, Rafik and Biomy, Mohamad},
	journal = {Applied Sciences},
	localfile = {Existence of weak solutions for p-Laplacian problemwith impulsive effects.pdf},
	pages = {128--145},
	title = {Existence of weak solutions for p-Laplacian problem with impulsive effects},
	volume = {22},
	year = {2020}
}

@article{hernandez2015abstract,
	author = {Hernandez, Eduardo and Pierri, Michelle and O'Regan, Donal and others},
	journal = {Topological Methods in Nonlinear Analysis},
	localfile = {ON ABSTRACT DIFFERENTIAL EQUATIONSWITH NON INSTANTANEOUS IMPULSES.pdf},
	number = {2},
	pages = {1067--1088},
	publisher = {Juliusz P. Schauder Centre for Nonlinear Studies},
	title = {On abstract differential equations with non instantaneous impulses},
	volume = {46},
	year = {2015}
}

@article{Bai-2017,
	author = {Bai, Liang; Nieto, Juan J.},
	doi = {10.1016/j.aml.2017.02.019},
	issnp = {0893-9659},
	journal = {Applied Mathematics Letters},
	localfile = {Variational approach to differential equations with not instantaneous impulses.pdf},
	month = {4},
	publisher = {Elsevier Science},
	title = {Variational approach to differential equations with not instantaneous impulses},
	year = {2017}
}

@article{heidarkhani2015infinitely,
	author = {Heidarkhani, Shapour and Ferrara, Massimiliano and Salari, Amjad},
	journal = {Acta Applicandae Mathematicae},
	localfile = {Infinitely Many Periodic Solutions for a Classof Perturbed Second-Order Differential Equationswith Impulses.pdf},
	number = {1},
	pages = {81--94},
	publisher = {Springer},
	title = {Infinitely many periodic solutions for a class of perturbed second-order differential equations with impulses},
	volume = {139},
	year = {2015}
}

@article{qian2015periodic,
	author = {Qian, Dingbian and Chen, Ling and Sun, Xiying},
	journal = {Journal of Differential Equations},
	localfile = {Periodic solutions of superlinear impulsive differential equations A geometric approach.pdf},
	number = {9},
	pages = {3088--3106},
	publisher = {Elsevier},
	title = {Periodic solutions of superlinear impulsive differential equations: A geometric approach},
	volume = {258},
	year = {2015}
}

@article{D'Agui-2016,
	author = {D'Agu\`{\i}, Giuseppina; Di Bella, Beatrice; Tersian, Stepan},
	doi = {10.1002/mma.3545},
	issne = {1099-1476},
	issnp = {0170-4214},
	issue = {5},
	journal = {Mathematical Methods in the Applied Sciences},
	localfile = {Multiplicity results for superlinear boundary value problems with impulsive effects.pdf},
	month = {04},
	page = {1060--1068},
	publisher = {John Wiley and Sons},
	title = {Multiplicity results for superlinear boundary value problems with impulsive effects},
	volume = {39},
	year = {2016}
}

@article{liu2016variational,
	author = {Liu, Jian and Zhao, Zengqin},
	journal = {J. Nonlinear Sci. Appl.},
	localfile = {Variational approach to second-order damped Hamiltonian systems with impulsive effects.pdf},
	number = {06},
	pages = {3459--3472},
	title = {Variational approach to second-order damped Hamiltonian systems with impulsive effects},
	volume = {9},
	year = {2016}
}

@article{mei2019numerical,
	author = {Mei, Liangcai and Sun, Hongbo and Lin, Yingzhen},
	journal = {Advances in Difference Equations},
	localfile = {Numerical method and convergence order for second-order impulsive differential equations.pdf},
	number = {1},
	pages = {1--14},
	publisher = {SpringerOpen},
	title = {Numerical method and convergence order for second-order impulsive differential equations},
	volume = {2019},
	year = {2019}
}

@article{Berenguer-2016,
	author = {Berenguer, M.I.; Kunze, H.; La Torre, D.; Ruiz Gal{\'a}n, M.},
	doi = {10.1016/j.cam.2015.06.016},
	issnp = {0377-0427},
	journal = {Journal of Computational and Applied Mathematics},
	localfile = {Galerkin method for constrained variational equations and a collage-based approach to related inverse problems.pdf},
	month = {01},
	page = {67--75},
	publisher = {Elsevier Science},
	title = {Galerkin method for constrained variational equations and a collage-based approach to related inverse problems},
	volume = {292},
	year = {2016}
}

@article{harrell19872,
	author = {Harrell, EM and Layton, WJ},
	journal = {SIAM journal on numerical analysis},
	localfile = {../../analisis numerico/L2-Estimates for Galerkin Methods for Semilinear Elliptic Equations.pdf},
	number = {1},
	pages = {52--58},
	publisher = {SIAM},
	title = {$L^2$ Estimates for Galerkin Methods for Semilinear Elliptic Equations},
	volume = {24},
	year = {1987}
}

@article{Minhos-2017,
	author = {Minh{\'o}s, Feliz},
	issn = {0363-1672,1573-8825},
	issue = {1},
	journal = {Lithuanian Mathematical Journal},
	localfile = {impulsive problems on the half-line with infinite impulse moments.pdf},
	pages = {69--79},
	publisher = {Springer},
	title = {Impulsive problems on the half-line with infinite impulse moments*},
	url = {http://doi.org/10.1007/s10986-017-9344-5},
	volume = {57},
	year = {2017}
}

@article{Minhos-2017b,
	author = {Minh{\'o}s, Feliz Manuel; Carrasco, Hugo},
	day = {27},
	doi = {10.1142/9789813220065_0003},
	isbn = {9789813209909; 9813209909; 9789813220065; 9813220066},
	journal = {vol. 10.1142/10448},
	localfile = {impulsive problems on the half-line with infinite impulse moments-II.pdf},
	month = {aug},
	page = {25--37},
	publisher = {World Scientific},
	title = {[Trends in Abstract and Applied Analysis] Higher Order Boundary Value Problems on Unbounded Domains Volume 05 (Types of Solutions, Functional Problems and Applications) || Impulsive Problems on the Half-Line with Infinite Impulse Moments},
	volume = {10.1142/10448},
	year = {2017}
}

@article{persson1989regularization,
	author = {Persson, J.},
	journal = {Le matematiche},
	localfile = {Regularization of non-linear measure differential equations .pdf},
	number = {1},
	pages = {113--130},
	title = {Regularization of non-linear measure differential equations},
	volume = {44},
	year = {1989}
}

@article{sun2010multiplicity,
	author = {Sun, Juntao and Chen, Haibo},
	journal = {Nonlinear Analysis: Real World Applications},
	localfile = {MultiplicityofsolutionsforaclassofimpulsivedifferentialequationswithDirichletboundaryconditionsviavariantfountaintheorems.pdf},
	number = {5},
	pages = {4062--4071},
	publisher = {Elsevier},
	title = {Multiplicity of solutions for a class of impulsive differential equations with Dirichlet boundary conditions via variant fountain theorems},
	volume = {11},
	year = {2010}
}


@article{federson2012measure,
	author = {Federson, M{\'a}rcia and Mesquita, Jaqueline G and Slav\'{\i}k, Anton\'{\i}n},
	journal = {Journal of Differential Equations},
	localfile = {Measure functional differential equations and functionaldynamic equations on time scales.pdf},
	number = {6},
	pages = {3816--3847},
	publisher = {Elsevier},
	title = {Measure functional differential equations and functional dynamic equations on time scales},
	volume = {252},
	x-color = {#009966},
	year = {2012}
}

@article{ashordia1996criteria,
	author = {Ashordia, Malkhaz},
	journal = {Czechoslovak Mathematical Journal},
	localfile = {Criteria of correctness of linear boundary value problems for systems ofgeneralized ordinary differential equations.pdf},
	number = {3},
	pages = {385--404},
	publisher = {Institute of Mathematics, Academy of Sciences of the Czech Republic},
	title = {Criteria of correctness of linear boundary value problems for systems of generalized ordinary differential equations},
	volume = {46},
	x-color = {#009966},
	year = {1996}
}

@article{leela1974stability,
	author = {Leela, S},
	journal = {Pacific Journal of Mathematics},
	localfile = {STABILITY OF MEASURE DIFFERENTIAL EQUATIONSS LEELA.pdf},
	number = {2},
	pages = {489--498},
	publisher = {Mathematical Sciences Publishers},
	title = {Stability of measure differential equations},
	volume = {55},
	x-color = {#f0d000},
	year = {1974}
}

@article{sharma1972abstract,
	author = {Sharma, RR},
	journal = {Proceedings of the American Mathematical Society},
	localfile = {AN ABSTRACT MEASURE DIFFERENTIAL EQUATION.pdf},
	number = {2},
	pages = {503--510},
	title = {An abstract measure differential equation},
	volume = {32},
	x-color = {#f0d000},
	year = {1972}
}

@article{pandit_1977,
	author = {Pandit, S.G.},
	doi = {10.1017/S0004972700010698},
	journal = {Bulletin of the Australian Mathematical Society},
	localfile = {on-the-stability-of-impulsively-perturbed-differential-systems.pdf},
	number = {3},
	pages = {423--432},
	publisher = {Cambridge University Press},
	title = {On the stability of impulsively perturbed differential systems},
	volume = {17},
	x-color = {#f0d000},
	year = {1977}
}

@article{pandit1980differential,
	author = {Pandit, SG},
	journal = {Pacific Journal of Mathematics},
	localfile = {DIFFERENTIAL SYSTEMS WITH IMPULSIVEPERTURBATIONS.pdf},
	number = {2},
	pages = {553--560},
	publisher = {Mathematical Sciences Publishers},
	title = {Differential systems with impulsive perturbations},
	volume = {86},
	x-color = {#f0d000},
	year = {1980}
}

@article{yablonski2005differential,
	author = {Yablonski, A.},
	journal = {Nonlinear Analysis: Theory, Methods \& Applications},
	localfile = {Differential equations with generalized coefficients.pdf},
	number = {2},
	pages = {171--197},
	publisher = {Elsevier},
	title = {Differential equations with generalized coefficients},
	volume = {63},
	x-color = {#009966},
	year = {2005}
}

@article{slavik2015well,
	author = {Slav\'{\i}k, A.},
	journal = {Journal of Differential Equations},
	localfile = {Well-posedness results for abstract generalized differential equations and measure functional differential equations.pdf},
	number = {2},
	pages = {666--707},
	publisher = {Elsevier},
	title = {Well-posedness results for abstract generalized differential equations and measure functional differential equations},
	volume = {259},
	x-color = {#f0d000},
	year = {2015}
}


@book{ AugustoC.Ponce734,
    title = "Elliptic PDEs, Measures and Capacities: From the Poisson Equation to Nonlinear Thomas-Fermi Problems",
    author = "Augusto C. Ponce",
    isbn = "978-30-3719-140-8",
    year = "2016",
    month = "ene",
    publisher = "European Mathematical Society" }
    
@book{ MosheMarcus503,
    title = "Nonlinear Second Order Elliptic Equations Involving Measures",
    author = "Moshe Marcus and Laurent Véron",
    isbn = "978-31-1030-531-9",
    year = "2013",
    month = "nov",
    publisher = "Walter de Gruyter" }
