
@book{ StefanSchwabik75,
    title = "Generalized Ordinary Differential Equations",
    author = "Stefan Schwabik",
    isbn = "978-98-1021-225-4",
    year = "1992",
    month = "oct",
    publisher = "World Scientific" }

@book{ EveraldoM.Bonotto420,
    title = "Generalized Ordinary Differential Equations in Abstract Spaces and Applications",
    author = "Everaldo M. Bonotto and Márcia Federson and Jaqueline G. Mesquita",
    isbn = "978-11-1965-493-3",
    year = "2021",
    publisher="wiley"}


@book{ S.Schwabik320,
    title = "Differential and Integral Equations: Boundary Value Problems and Adjoints",
    author = "S. Schwabik and M. Tvrdý and O. Vejvoda",
    isbn = "978-90-2770-802-1",
    year = "1979",
    month = "may",
    publisher = "Academia Praha" }

@book{ JaroslavKurzweil1411,
    title = "Generalized Ordinary Differential Equations: Not Absolutely Continuous Solutions",
    author = "Jaroslav Kurzweil",
    isbn = "978-98-1432-402-1",
    year = "2012",
    month = "ene",
    publisher = "World Scientific" }

@book{ Carter,
    title = "The Lebesgue-Stieltjes Integral: A Practical Introduction",
    title_sort = "The Lebesgue-Stieltjes Integral: A Practical Introduction",
    author_sort = "Carter, M.",
    author = "M. Carter",
    calibreid = "61",
    isbn = "978-03-8795-012-9",
    library_name = "Biblioteca de calibre",
    year = "2012",
    month = "dic",
    publisher = "Springer" 
     }

@book{ Amster,
    title = "Topological Methods in the Study of Boundary Value Problems",
    title_sort = "Topological Methods in the Study of Boundary Value Problems",
    author_sort = "Amster, Pablo",
    author = "Pablo Amster",
    calibreid = "64",
    library_name = "Biblioteca de calibre",
    year = "2013",
    month = "oct",
    publisher = "Springer" }
    
@book{ ORegan,
    title = "Variational approach to impulsive differential equations",
    title_sort = "Variational approach to impulsive differential equations",
    author_sort = "J.J. Nieto, D.O'Regan ",
    author = "Juan J. Nieto, Donal O'Regan",
    calibreid = "",
    library_name = "Biblioteca de calibre",
    year = "2007",
    month = "oct" }

@book{ P.Mazzone,
    title = "The Picard-Lindelöf theorem and continuation of solutions for measure differential equations",
    title_sort = "THE PICARD-LINDELÖF MDE",
    author_sort = "G. Beltritti,  S. Demaria,  G. Giubergia,  F. Mazzone",
    author = "Gastón Beltritti and Stefania Demaria and Graciela Giubergia and Fernando Mazzone ",
    calibreid = "68",
    library_name = "Biblioteca de calibre",
    year = "2023",
    month = "may" ,
    publisher = "Czechoslovak Mathematical Journal" }

@book{ LawrenceC.Evans69,
    title = "Partial Differential Equations",
    title_sort = "Partial Differential Equations",
    author_sort = "Evans, Lawrence C.",
    author = "Lawrence C. Evans",
    calibreid = "69",
    isbn = "978-08-2180-772-9",
    library_name = "Biblioteca de calibre",
    year = "1998",
    month = "jun",
    publisher = "Amer Mathematical Society",
    rating = "8" }

@book{ Evans,
    title = "Measure Theory and Fine Properties of Functions, Revised Edition",
    title_sort = "Measure Theory and Fine Properties of Functions, Revised Edition",
    author_sort = "Et.al, Evans Lawrence Craig",
    author = "Evans Lawrence Craig et. al\comment{fijate, hay algo mal en la cita}",
    calibreid = "71",
    isbn = "978-11-3858-249-1",
    library_name = "Biblioteca de calibre",
    year = "2018",
    month = "ene",
    publisher = "Chapman and Hall/CRC",
    rating = "10" }

@book{ folland,
    title = "Real Analysis: Modern Techniques and Their Applications",
    title_sort = "Real Analysis: Modern Techniques and Their Applications",
    author_sort = "Folland, Gerald B.",
    author = "Gerald B. Folland",
    calibreid = "80",
    isbn = "978-04-7131-716-6",
    library_name = "Biblioteca de calibre",
    year = "2007",
    month = "may",
    publisher = "Wiley",
    rating = "8" }

@book{ Buttazzo,
    title = "One-Dimensional Variational Problems: An Introduction",
    title_sort = "One-Dimensional Variational Problems: An Introduction",
    author_sort = "Buttazzo, Giuseppe \& Hildebrandt, Stefan",
    author = "Giuseppe Buttazzo and Stefan Hildebrandt",
    calibreid = "81",
    isbn = "978-01-9850-465-8",
    library_name = "Biblioteca de calibre",
    year = "1999",
    month = "abr",
    publisher = "Clarendon Press" }

@book{ Zo,
    title = "Medida e integral de Lebesgue",
    title_sort = "Medida e integral de Lebesgue",
    author_sort = "Fava, Norberto Angel \& Zo, Felipe",
    author = "Norberto Angel Fava and Zo, Felipe",
    calibreid = "83",
    isbn = "978-98-7907-216-5",
    library_name = "Biblioteca de calibre",
    year = "1996",
    month = "oct",
    publisher = "Instituto Argentino de Matemática" }

@book{ Dibenedetto,
    title = "Partial Differential Equations: Second Edition",
    title_sort = "Partial Differential Equations: Second Edition",
    author_sort = "Dibenedetto, Emmanuele",
    author = "Emmanuele Dibenedetto",
    calibreid = "85",
    isbn = "978-08-1764-551-9",
    library_name = "Biblioteca de calibre",
    year = "2009",
    month = "nov",
    publisher = "Birkhäuser Boston" }

@book{ M-W,
    title = "Critical Point Theory and Hamiltonian Systems",
    title_sort = "Critical Point Theory and Hamiltonian Systems",
    author_sort = "Mawhin, Jean",
    author = "Jean Mawhin",
    calibreid = "88",
    isbn = "978-03-8796-908-4",
    library_name = "Biblioteca de calibre",
    year = "1989",
    month = "mar",
    publisher = "Springer" }

@book{ limits,
    title = "Limits, Limits Everywhere: The Tools of Mathematical Analysis",
    title_sort = "Limits, Limits Everywhere: The Tools of Mathematical Analysis",
    author_sort = "Applebaum, David",
    author = "David Applebaum",
    calibreid = "102",
    isbn = "978-01-9964-008-9",
    library_name = "Biblioteca de calibre",
    year = "2012",
    month = "may",
    publisher = "Oxford University Press" }

@book{ Brogliato,
    title = "Nonsmooth Mechanics: Models, Dynamics and Control",
    title_sort = "Nonsmooth Mechanics: Models, Dynamics and Control",
    author_sort = "Brogliato, Bernard",
    author = "Bernard Brogliato",
    calibreid = "105",
    isbn = "978-33-1980-401-9",
    library_name = "Biblioteca de calibre",
    year = "100",
    month = "dic",
    publisher = "Springer" }

@book{ Bainov,
    title = "Impulsive Differential Equations: Asymptotic Properties of the Solutions",
    title_sort = "Impulsive Differential Equations: Asymptotic Properties of the Solutions",
    author_sort = "Bainov, D D \& Simeonov, P S",
    author = "D D Bainov and P S Simeonov",
    calibreid = "108",
    isbn = "978-98-1450-188-0",
    library_name = "Biblioteca de calibre",
    year = "1995",
    month = "mar",
    publisher = "World Scientific" }

@book{ Lakshmikan,
    title = "Theory of Impulsive Differential Equations",
    title_sort = "Theory of Impulsive Differential Equations",
    author_sort = "Vangipuram, Lakshmikantham \& D, Bainov Drumi \& Pavel, Simeonov",
    author = "Lakshmikantham Vangipuram and Bainov Drumi D and Simeonov Pavel",
    calibreid = "109",
    isbn = "978-98-1450-726-4",
    library_name = "Biblioteca de calibre",
    year = "1989",
    month = "may",
    publisher = "World Scientific" }

@book{ ALeonov,
    title = "Dynamics and Control of Hybrid Mechanical Systems",
    title_sort = "Dynamics and Control of Hybrid Mechanical Systems",
    author_sort = "Leonov, Gennady A \& Nijmeijer, Henk \& Pogromsky, Alexander Yu \& Fradkov, Alexander L",
    author = "Gennady A Leonov and Henk Nijmeijer and Alexander Yu Pogromsky and Alexander L Fradkov",
    calibreid = "107",
    isbn = "978-98-1446-701-8",
    library_name = "Biblioteca de calibre",
    year = "2010",
    month = "ene",
    publisher = "World Scientific" }

@book{ distel,
     title = "Vector Measures",
    title_sort = "Vector Measures",
    author_sort = "Diestel, Joseph \& Uhl, John Jerry",
    author = "Joseph Diestel and John Jerry Uhl",
    calibreid = "112",
    isbn = "978-08-2181-515-1",
    library_name = "Biblioteca de calibre",
    year = "1977",
    month = "jun",
    publisher = "American Mathematical Soc.",
    rating = "10" }

@book{ Serway,
    title = "Física para ciencias e ingeniería 1 (10a. ed.)",
    title_sort = "Física para ciencias e ingeniería 1 (10a. ed.)",
    author_sort = "Serway, Raymond A.",
    author = "Raymond A. Serway",
    calibreid = "114",
    isbn = "978-60-7526-671-8",
    library_name = "Biblioteca de calibre",
    year = "2018",
    month = "nov",
    publisher = "CENGAGE Learning" }



@book{ Bainov_2,
    title = "Impulsive Differential Equations: Periodic Solutions and Applications",
    title_sort = "Impulsive Differential Equations: Periodic Solutions and Applications",
    author_sort = "Bainov, Drumi \& Simeonov, Pavel",
    author = "Drumi Bainov and Pavel Simeonov",
    calibreid = "37",
    isbn = "978-05-8209-639-4",
    library_name = "Biblioteca de calibre",
    year = "1993",
    month = "jul",
    publisher = "CRC Press"}
@book{ Simmons,
    title = "Ecuaciones diferenciales con aplicaciones y notas históricas",
    title_sort = "Ecuaciones diferenciales con aplicaciones y notas históricas",
    author_sort = "Simmons, George F. \& Robertson, John S.",
    author = "George F. Simmons and John S. Robertson",
    calibreid = "24",
    isbn = "978-84-4810-045-2",
    library_name = "Biblioteca de calibre",
    year = "1993",
    month = "abr",
    publisher = "McGraw-Hill" }

@book{ S.T.Zavalishchin,
    title = "Dynamic Impulse Systems: Theory and Applications",
    title_sort = "Dynamic Impulse Systems: Theory and Applications",
    author_sort = "Zavalishchin, S. T.",
    author = "S. T. Zavalishchin  and \textcolor{red}{A. N. Sesekin}",
    calibreid = "39",
    isbn = "978-19-3329-129-1",
    library_name = "Biblioteca de calibre",
    year = "1997",
    month = "feb",
    publisher = "Springer" }

@book{ Frank_Burk,
    title = "A Garden of Integrals",
    title_sort = "A Garden of Integrals",
    author_sort = "Burk, Frank",
    author = "Frank Burk",
    calibreid = "40",
    isbn = "978-08-8385-337-5",
    library_name = "Biblioteca de calibre",
    year = "2007",
    month = "ago",
    publisher = "MAA",
    rating = "6" }

@book{ Hobson,
    title = "The Theory of Functions of a Real Variable and the Theory of Fourier's Series Volume 1",
    title_sort = "The Theory of Functions of a Real Variable and the Theory of Fourier's Series Volume 1",
    author_sort = "Hobson, Ernest William",
    author = "Ernest William Hobson",
    calibreid = "41",
    isbn = "978-12-9656-313-4",
    library_name = "Biblioteca de calibre",
    year = "2015",
    month = "ago",
    publisher = "Creative Media Partners, LLC" }


@book{ Natanson,
    title = "Theory of Functions of a Real Variable",
    title_sort = "Theory of Functions of a Real Variable",
    author_sort = "Natanson, Isidor Pavlovich",
    author = "Isidor Pavlovich Natanson",
    calibreid = "42",
    isbn = "978-12-5864-125-2",
    library_name = "Biblioteca de calibre",
    year = "2013",
    month = "mar",
    publisher = "Literary Licensing, LLC" }

@Article{         numpy,
 title         = {Array programming with {NumPy}},
 author        = {Charles R. Harris and K. Jarrod Millman and St{\'{e}}fan J.
                 van der Walt and Ralf Gommers and Pauli Virtanen and David
                 Cournapeau and Eric Wieser and Julian Taylor and Sebastian
                 Berg and Nathaniel J. Smith and Robert Kern and Matti Picus
                 and Stephan Hoyer and Marten H. van Kerkwijk and Matthew
                 Brett and Allan Haldane and Jaime Fern{\'{a}}ndez del
                 R{\'{i}}o and Mark Wiebe and Pearu Peterson and Pierre
                 G{\'{e}}rard-Marchant and Kevin Sheppard and Tyler Reddy and
                 Warren Weckesser and Hameer Abbasi and Christoph Gohlke and
                 Travis E. Oliphant},
 year          = {2020},
 month         = sep,
 journal       = {Nature},
 volume        = {585},
 number        = {7825},
 pages         = {357--362},
 doi           = {10.1038/s41586-020-2649-2},
 publisher     = {Springer Science and Business Media {LLC}},
 url           = {https://doi.org/10.1038/s41586-020-2649-2}
}

@Article{matplot,
  Author    = {Hunter, J. D.},
  Title     = {Matplotlib: A 2D graphics environment},
  Journal   = {Computing in Science \& Engineering},
  Volume    = {9},
  Number    = {3},
  Pages     = {90--95},
  abstract  = {Matplotlib is a 2D graphics package used for Python for
  application development, interactive scripting, and publication-quality
  image generation across user interfaces and operating systems.},
  publisher = {IEEE COMPUTER SOC},
  doi       = {10.1109/MCSE.2007.55},
  year      = 2007
}
